2736 4610
243 509 314 591 ipse
334 507 395 570 ille
412 489 593 569 Stratocles
615 512 665 567 est
687 505 732 582 is,
756 505 814 586 qui
834 505 930 568 linito
949 487 1104 570 convivio
1124 491 1279 580 mereh‘i·

243 636 296 680 ces
312 614 476 678 ‘adducet
541 609 820 675 Consuetudinem
844 633 925 675 vero
954 615 1107 678 hahuisse
1131 633 1207 677 cum
1234 614 1276 674 iis

242 724 457 803 Stratoclem,
485 722 584 785 simul
607 723 718 784 innuit
738 723 863 786 verbis:
886 717 928 796 οΐς
942 724 1156 807 Στρατοκλῆς
1176 718 1278 793 ἤλαυ-

241 853 297 902 νε,
332 853 440 917 quae,
474 807 538 914 qua
558 838 636 891 sunt
656 831 892 918 ambiguitate,
926 853 1001 894 eum
1023 853 1097 894 cum
1125 831 1178 894 his
1200 851 1277 894 con·

241 941 395 1004 cumbere
416 941 525 1004 solere
546 936 743 1023 significant.
786 943 826 1002 cl.
849 938 1036 1029 Schweigh.
1060 939 1102 1004 ed
1129 941 1161 1003 h.
1185 944 1207 1004 l.
1235 977 1277 990 -

240 1049 371 1128 Restat,
409 1068 505 1132 quem
527 1045 665 1108 Matreu
693 1043 780 1126 apud
799 1045 917 1110 Athen.
941 1047 998 1110 IV.
1029 1069 1061 1134 Ρ.
1090 1057 1160 1120 134.
1190 1071 1221 1112 v.
1245 1056 1276 1116 2.

240 1137 405 1236 nominat,
438 1155 602 1218 Xenocles
624 1153 742 1220 rhetor
762 1158 983 1222 Atheniensis.
1037 1159 1082 1221 At
1103 1156 1143 1222 de
1165 1178 1205 1222 eo
1227 1159 1278 1220 ni·

240 1268 291 1330 hil
312 1269 405 1344 novi,
428 1285 503 1348 cum
521 1264 604 1326 duos'
624 1249 738 1350 poetes
760 1272 907 1357 tragicos
930 1271 1024 1350 hujus
1046 1272 1191 1332 nominis
1212 1269 1277 1332 huc
1349 1277 1351 1286 ⁴

240 1394 307 1437 non
338 1375 507 1458 pertinere
538 1379 705 1464 appareat.
770 1375 921 1441 Fortasse
952 1389 1064 1441 tamen
1096 1377 1199 1441 schol.
1234 1377 1278 1441 ad

239 1487 407 1573 Aristoph.
430 1487 511 1548 Rau.
535 1490 588 1552 86.
618 1483 659 1547 de
687 1485 739 1546 his
769 1503 869 1570 egens
897 1487 1050 1568 rhetore¹
1064 1489 1276 1574 significavit,

127 1585 130 1594 ¹
239 1617 315 1662 cum
336 1595 481 1660 addidit:
511 1590 628 1678 τρίτος
648 1590 683 1652 δὲ
703 1590 778 1649 ἐστὶ
798 1591 936 1664 τούτοις
957 1591 1149 1675 ὁμώνυμος,
1175 1596 1277 1658 πολι·

237 1703 354 1787 τικὸς,
396 1702 532 1785 φαύλου
555 1699 614 1784 μὲν
634 1695 789 1785 πατρὸς,
830 1705 881 1782 τῷ
904 1700 937 1763 et
959 1701 1047 1783 δήμῳ
1071 1685 1273 1789 Χολοργεύς.

236 1813 302 1880 Sed
324 1835 365 1878 ne
388 1835 428 1877 ex
449 1814 502 1875 hie
525 1811 658 1893 quidem
679 1813 796 1898 colligi
819 1810 998 1896 quidquam
1021 1821 1136 1897 potest.
1182 1815 1274 1896 Quae

236 1945 310 1987 cum
333 1927 381 1985 ita
401 1923 490 2000 sint,
531 1920 720 1984 Matrouem
742 1921 834 2010 circe
855 1923 979 1984 exitum
1002 1924 1113 2006 quarti
1139 1944 1169 1986 a.
1193 1923 1271 1988 Chr.

236 2035 379 2112 saeculi,
402 2035 471 2097 sive
493 2034 620 2094 circum
644 2032 695 2094 Ol.
721 2037 924 2102 110-115.
944 2033 1069 2096 vixisse
1090 2043 1209 2097 statuo.
1276 2059 1279 2066 ⁴

253 2123 257 2132 ¹
321 2142 475 2205 Ceterum
490 2139 545 2216 de
572 2121 700 2226 paredi·
719 2142 805 2204 vita‘
822 2144 871 2205 nil
887 2145 1031 2206 scimus.
1097 2143 1143 2208 Re
1163 2154 1275 2208 tamen
1302 2121 1307 2130 ¹

235 2243 396 2315 familiari
423 2253 525 2314 fuisse
553 2270 628 2314 eum
654 2270 773 2336 parum
799 2252 909 2337 large,
953 2254 1125 2338 colligitur
1152 2273 1194 2316 ex
1221 2271 1272 2332 eo,
1357 2263 1360 2332 ⁴,

235 2357 324 2446 quod
346 2358 431 2423 dicit
451 2359 538 2444 apud
557 2359 677 2424 Athen.
692 2353 758 2456 «IV.
790 2381 821 2443 Ρ.
847 2365 920 2428 136.
943 2362 983 2456 D.
1017 2383 1047 2425 v.
1070 2367 1112 2430 91
1134 2382 1202 2444 eqq.

695 2523 732 2624 g.
760 2521 802 2594 ο.

524 2671 579 2728 DE
596 2673 802 2732 MATRONIS
824 2677 981 2735 PATRIA.

308 2797 420 2860 ‘Recte
451 2795 613 2858 historiae
644 2785 816 2860 literariee
847 2801 1026 2884 scriptores
1059 2806 1271 2884 recentiores,

234 2919 272 2973 ut
293 2906 418 2970 scholl.
441 2907 482 2968 ll.
501 2925 536 2989 Ρ.
555 2909 627 2974 106.
667 2903 855 2970 Groddeck.
877 2907 920 2972 Π.
941 2928 972 2990 p.
987 2914 1049 2989 23,
1080 2895 1272 2978 Matronem

234 3018 391 3079 dixerunt
411 3015 527 3076 Pitana
548 3016 650 3077 luisse
672 3013 859 3076 oriundum.
915 3015 1011 3097 Apud
1033 3017 1150 3083 Athen.
1174 3030 1271 3105 atque

232 3126 379 3188 Eustath.
414 3137 609 3208 quamquam
644 3125 838 3208 plerumque
872 3122 914 3186 ed
947 3124 1115 3192 Metuonis
1147 3151 1268 3194 nomeu

233 3239 342 3318 petria
364 3254 430 3296 nou
451 3234 496 3295 sit
517 3229 659 3312 adjecta,
693 3237 802 3294 amen
826 3231 912 3316 apud
933 3232 1049 3298 Athen.
1073 3235 1097 3298 1.
1119 3258 1151 3321 Ρ.
1173 3247 1204 3307 5.
1228 3241 1266 3304 A.

233 3352 267 3408 et
293 3341 385 3406 Suid.
409 3343 535 3407 dicitur
561 3343 744 3406 pitanaeus.
808 3341 874 3405 Ubi
903 3363 977 3405 cum
1006 3346 1107 3433 vulgo
1136 3349 1268 3437 legatur

233 3449 412 3533 Ματρέας,
447 3463 558 3520 tamen
582 3457 788 3537 conjecturae
809 3452 996 3542 Schweigh.
1020 3451 1170 3542 Μάτρων
1193 3481 1268 3524 cor-

232 3551 371 3645 rigentis
403 3581 503 3643 supra
536 3563 647 3626 studui
677 3562 1038 3628 verisimilitudinem
1073 3571 1264 3635 conciliare.

231 3665 348 3727 Pitana
375 3677 484 3729 autem
511 3679 560 3732 est
579 3669 743 3755 ,oppidum
772 3674 808 3733 in
829 3671 940 3755 Mysia
967 3677 1084 3756 situm,
1126 3676 1265 3740 Aeoleu·

232 3777 318 3838 sium
338 3776 540 3860 adscriptum
562 3783 761 3850 civitatibus.
795 3790 836 3850 cf.
859 3784 984 3878 Herod.
1007 3786 1032 3850 I.
1057 3791 1129 3856 149.
1175 3786 1264 3868 Quo-

232 3883 338 3948 minus
361 3885 401 3949 de
422 3885 538 3968 Pitana
562 3889 729 3956 Laconica
749 3898 946 3984 cogitemus,
978 3898 1134 3981 prohibet
1155 3899 1263 3983 ipsum
