2736 4610
1111 303 1138 384 7

102 503 372 598 repugnantium
387 504 643 588 compositione:
665 525 779 570 earum
797 501 1029 606 perodiasmn,
1042 525 1136 596 onae

102 612 236 696 quidem
255 621 402 698 spectant
416 607 626 694 mimulam,
640 645 644 654 ¹
656 617 708 680 uis
728 617 851 680 nititur
871 615 908 676 in
929 613 1134 696 discrimine,

101 721 190 806 qnod
217 722 393 788 intercedit
424 726 514 787 inter
534 726 712 789 verborum
736 727 976 790 sublimitatem
1003 725 1135 789 exilitas

57 861 61 868 ·
96 839 232 916 ,temque
253 835 498 898 sententiarum.
1041 849 1043 854 ’

184 941 361 1026 Pleraeque
382 942 586 1009 Graecorum
613 943 767 1030 parodias
794 945 836 1010 ad
861 946 1046 1032 Homerum
1074 961 1134 1031 po·
1243 925 1246 930 Δ

100 1051 264 1116 tissimum
291 1074 361 1149 esee
389 1045 607 1142 compositae,
649 1079 717 1122 non
748 1066 820 1152 est,
863 1056 952 1142 quod
986 1059 1132 1119 mireris.
1183 1117 1186 1126 ,
1251 1072 1253 1079 ’

98 1159 247 1230 Homero
269 1169 358 1230 enim
386 1187 461 1230 eum
489 1185 549 1228 nec
576 1168 684 1249 plurie
708 1171 857 1232 iacerent
878 1165 1000 1231 Graeci
1020 1181 1136 1250 quemae

100 1277 220 1358 quam,
262 1297 369 1360 neque
389 1277 562 1338 utiliorem
583 1293 653 1340 ease
677 1256 834 1360 putarent
860 1275 902 1338 ad
928 1277 1137 1340 iuilauuna'n-¹

98 1379 158 1446 dos
184 1383 367 1451 honestatis
395 1405 434 1447 ao
460 1383 633 1472 dignitatis
659 1401 773 1446 amore
795 1385 943 1448 animos:
986 1386 1134 1448 earmina

98 1493 165 1571 ejus
186 1491 425 1556 mandaverunt
445 1495 626 1556 memoriae
653 1492 805 1576 plerique
834 1490 913 1554 inde
934 1511 954 1554 a
975 1496 1131 1576 pueritia.

97 1598 164 1663 Sed
185 1604 322 1680 accessit
342 1602 434 1666 aliud
455 1601 611 1682 efficiens,
632 1610 671 1664 ιιι
690 1601 745 1666 vel
769 1597 908 1690 integris
929 1585 1136 1664 earmiuilsus'

96 1713 254 1796 parodiee
282 1713 517 1797 componendis
549 1716 722 1778 materiem
749 1713 930 1806 ¹praeberet
944 1694 1130 1776 Homerus.
1171 1803 1181 1808 ἱ

96 1821 193 1903 Quod
214 1833 254 1884 ut
273 1825 457 1906 explicem,
500 1823 535 1884 in
556 1822 717 1906 parodiae
736 1833 889 1884 naturam
911 1823 1014 1905 paulo
1031 1823 1132 1886 altius

95 1936 146 1994 det
167 1931 410 2014 inquirendum.
454 1931 499 1994 Ut
520 1935 608 1994 enim
628 1933 714 2013 justa
734 1933 874 2017 perodia
895 1935 1053 2011 exsistat,
1070 1931 1133 1995 'ne-

96 2059 187 2101 ceeee
207 2049 277 2117 eet,
314 2047 354 2098 ut
375 2029 407 2101 ei
427 2040 578 2122 quoque,
617 2044 675 2121 qui
696 2039 869 2122 p'a'rodiam
885 2041 980 2126 'legat
998 2041 1054 2104 vel
1075 2023 1133 2102 au-

96 2145 189 2225 diat,
231 2146 269 2207 ln
294 2153 437 2206 mentem
463 2153 639 2208 revocetur
665 2146 696 2206 is
721 2144 807 2208 alius
832 2147 1006 2230 scriptoris
1020 2145 1134 2226 visens,

95 2257 143 2325 ad
160 2273 256 2342 quem
277 2245 487 2321 referendum
508 2255 590 2318 haee
615 2257 686 2339 ipsa
713 2253 853 2340 perodio
874 2258 1056 2340 composita
1077 2258 1131 2320 eit.

8 2357 9 2410 i
94 2369 171 2433 Hoc
192 2372 221 2432 si
243 2345 412 2447 nonest,
443 2387 510 2431 non
528 2367 671 2452 ,parodia
691 2363 826 2434 videtur
847 2386 937 2448 esse,
980 2365 1038 2431 sed
1059 2387 1132 2428 car-

94 2501 170 2542 men
191 2499 304 2542 reeens
325 2479 544 2568 compositum
560 2481 596 2560 ¹).
649 2478 712 2541 'Ita
734 2456 808 2541 cum
827 2477 977 2541 Homero
998 2475 1143 2572 'facilius

96 2574 353 2654 nemoGraeeis
374 2590 411 2650 iri
429 2579 571 2651 mentem
592 2590 744 2654 revocari
765 2597 892 2672 posset:
922 2581 1047 2650 fectum
1068 2597 1130 2667 est,

94 2707 134 2760 ut
152 2697 281 2786 largam
294 2699 330 2758 *is
351 2693 579 2780 suppeditaret
597 2699 789 2776 materiem,
831 2695 921 2760 unde
942 2705 976 2760 et
996 2707 1137 2782 compo'

95 2799 212 2871 nerent
231 2787 386 2892 parodias
408 2805 494 2887 ipsi,
526 2811 565 2867 et
580 2807 778 2889 compositas
800 2805 840 2870 ab
861 2804 937 2865 aliis
957 2799 1137 2870 sentirent

177 2916 223 2980 At
243 2909 380 3000 quaerat
400 2911 594 2996 quispiam,
628 2905 807 2993 quomodo
823 2914 948 2974 factum
975 2893 1046 3004 eit,
1066 2923 1127 2992 ut,

95 3047 195 3112 quum
218 3020 357 3109 plurimi
385 3021 632 3085 aestimaverint
658 3019 780 3086 Graeci
806 3019 1013 3112 Homerum,
1044 3039 1129 3087 eun·

94 3135 168 3202 dem
198 3135 348 3222 parodiis
378 3133 530 3197 insectati
558 3134 633 3194 sint
699 3133 897 3226 Referebant
923 3144 1033 3199 autem
1060 3140 1129 3218 ejus
1222 3197 1229 3216 Ι
1272 3171 1276 3186 =

93 3271 206 3316 uersus
232 3243 411 3333 parodiee,
440 3235 521 3305 'non
543 3240 676 3326 quidem
701 3221 754 3305 ut*
767 3241 950 3305 irriderent
977 3263 1051 3307 enm
1072 3247 1132 3310 vel'

94 3366 346 3430 contemnerent,
359 3343 490 3440 poetam
512 3352 749 3429 clarissimum,
792 3348 851 3412 sed
870 3355 1051 3417 venustatis
1070 3358 1126 3420 vel

94 3459 292 3540 eruditionis
320 3463 465 3548 laudem,
481 3464 545 3552 hoo
573 3481 614 3524 ox
639 3443 753 3524 studio
779 3445 965 3550 oaptantes,
1007 3468 1125 3548 utqui

125 3662 154 3728 1)
176 3659 256 3718 ilaec
272 3653 427 3729 praecipius
445 3670 529 3709 cause
546 3653 659 3710 videtur
676 3667 761 3720 esse,
795 3649 872 3724 quod
890 3656 970 3712 nulls
990 3655 1054 3714 lere
1071 3675 1125 3714 ex·
1230 3649 1234 3658 ’

176 3751 252 3810 stitit
268 3750 388 3823 parodie
410 3749 524 3820 lougius
541 3749 695 3822 products,
729 3749 803 3818 qnae
828 3751 950 3806 solutam
968 3743 1125 3809 orationem

170 3847 294 3902 referet.
344 3845 422 3901 Ques
439 3859 501 3898 eum
519 3841 675 3911 legentium
693 3836 795 3898 animle
810 3837 868 3902 nou
884 3843 1061 3918 inhaereret,
1086 3865 1125 3904 ue

176 3939 271 4014 potnit
287 3923 403 4010 quidem
418 3947 485 4012 epte
503 3937 585 3995 reddi
604 3938 750 4010 perodice.
