2736 4610
127 299 301 385 ’16

249 516 378 576 servate
412 513 489 571 sunt
527 512 561 568 et
594 521 712 590 magne
743 507 784 564 et
809 499 926 584 pulcra
961 503 1050 589 apud
1078 504 1194 572 Athen,
1222 509 1280 575 lx,

248 623 324 690 368.
349 617 384 680 Ε.
410 614 453 682 Χ.
476 619 550 684 413.
573 613 606 673 F.
643 621 676 674 et
703 610 779 672 aliis
807 610 915 684 locist
960 610 1019 674 sed
1047 619 1131 704 non·⁸
1142 618 1281 684 irrident
1351 615 1352 676 1

248 728 433 790 Homerum
454 732 552 806 etque
572 717 766 784 Hesiodum.
832 717 1022 802 Sequuntur
1041 724 1166 806 iambi,
1206 749 1282 812 qus.

248 839 295 899 les
319 833 559 917 Xenophanie
587 829 718 890 nemine
750 837 919 911 praeterea
951 831 1154 896 tribuuntur.
1220 835 1284 900 Sed
1351 900 1352 910 ,

247 946 361 1009 omisit
381 944 479 1030 Diog.
514 937 607 1002 alind
621 935 926 1020 ‘Xenophaneorum
948 940 1149 1023 scriptorum
1171 965 1286 1030 genus,

246 1055 341 1118 sillos
369 1057 574 1128 memoratos¹
594 1047 635 1108 ab
661 1047 855 1142 unctoribus
881 1063 948 1108 non
974 1049 1084 1110 minus
1113 1054 1284 1138 gravibus.

245 1165 337 1246 Quos
357 1171 470 1225 utrum
490 1157 716 1242 composuerit
742 1175 865 1237 necne,
907 1155 1048 1220 multum
1075 1159 1140 1237 jam
1172 1161 1310 1243 dispu-·

242 1283 350 1336 tatum
372 1269 502 1349 estpcf.
525 1268 652 1330 Febris.
675 1263 718 1327 11.
742 1270 849 1350 peto
871 1283 938 1348 sqq.
983 1261 1084 1326 Sillos
1105 1263 1287 1352 Xenophs.

244 1384 296 1446 nis
316 1377 481 1444 taudem:
524 1375 645 1442 Strabo
665 1377 756 1440 XIV.
781 1383 809 1446 1.
832 1395 863 1458 p·
884 1379 960 1442 643.
982 1375 1018 1438 Β.
1041 1371 1178 1438 Ceseub.
1202 1377 1283 1453 (111.

237 1513 276 1578 p.
296 1496 374 1560 ¹179.
398 1487 563 1570 Teuchn.)
594 1479 697 1550 schol.
719 1486 852 1549 Villois.
878 1481 920 1546 ad
941 1479 1103 1547 Hom.⁸ll'.
1136 1481 1187 1545 ΙΙ..
1202 1483 1306 1554 212¹

237 1601 390 1666 tusum.
411 1601 532 1681 p.204.
555 1604 611 1664 21.
640 1595 691 1659 ed.
716 1593 807 1654 nom.
840 1592 945 1655 schol.
968 1590 1010 1654 ed
1029 1592 1197 1677 Aristoph.
1220 1594 1280 1676 Eq.

242 1715 306 1778 406
337 1708 416 1788 (ubi
444 1701 637 1782 Ξενοφάνης
669 1723 731 1788 pro
761 1698 973 1780 Ξενοφάντης
1007 1699 1182 1788 legendum
1210 1721 1281 1765 esse

243 1819 304 1882 elii
325 1819 389 1899 jam
410 1821 628 1891 monuerunt,
650 1815 690 1873 cs.
713 1808 814 1872 Dind.
837 1807 881 1873 ed
902 1809 1019 1890 schol.)
1039 1807 1161 1872 Eudoc.
1175 1829 1207 1892 p.
1215 1816 1261 1878 87
1268 1830 1280 1884 3

234 1928 326 1992 ¹elios
349 1926 445 1988 effert
467 1919 604 1984 Cassub.
628 1917 669 1983 d'e
691 1916 761 1981 Sat.
783 1919 839 1982 Po.
876 1942 907 2005 p.
931 1924 1049 2001 2241).
1077 1957 1120 1970 .-

325 2034 453 2099 Febric.
491 2028 623 2116 quidem
652 2029 695 2092 II.
730 2050 762 2115 p.
781 2035 856 2100 617.
894 2034 988 2096 sillos
1023 2053 1042 2096 a
1073 2031 1280 2124 Xenophane
1350 2019 1352 2104 1

243 2149 443 2233 compositos
482 2157 551 2207 esse
580 2161 722 2230 negans,
764 2144 823 2206 ubi
853 2145 1016 2221 citentur,
1061 2143 1281 2206 Timonianos
1351 2195 1352 2238 p

243 2253 416 2320 contendit
442 2272 511 2316 esse
546 2249 789 2338 intelligendos.
854 2251 920 2315 Sed
958 2253 1154 2314 sententiam
1182 2259 1282 2337 ergu-
1350 2243 1352 2272 ³

234 2367 362 2430 mentis
384 2381 452 2426 non
473 2360 575 2423 iul'sit
631 2357 721 2422 Mihi
744 2356 878 2452 quidem
898 2355 1014 2421 contra
1035 2367 1085 2420 tot
1106 2367 1281 2422 unctorum

232 2489 436 2538 ¹consensum
464 2487 597 2532 movere
624 2463 753 2548 aliquid
784 2468 998 2528 temerarium
1025 2466 1169 2532 videtur.
1234 2469 1280 2532 At

220 2565 283 2644 6ο
315 2575 469 2640 sillo‘rnm
489 2572 705 2657 Xenophanis
732 2583 928 2660 argumento
958 2595 1033 2638 cum
1059 2579 1164 2640 altum
1190 2563 1280 2662 apud
1350 2625 1351 2650 1

127 2755 130 2768 ,
239 2697 367 2755 veteres
395 2686 575 2769 scriptores
600 2685 646 2746 sit
671 2684 861 2762 silentium,
904 2704 965 2748 uec
993 2688 1153 2775 colligere
1183 2689 1279 2770 quid.

241 2819 339 2884 quem
368 2797 530 2880 possimus
559 2814 600 2857 ex
626 2814 693 2856 uno
715 2799 901 2884 fragmento
930 2817 1034 2880 eoque
1055 2797 1276 2858 minutissimo
1350 2819 1351 2828 ¹

141 2930 143 2941 ’
241 2906 329 2992 apud
350 2906 453 2969 schol.
475 2905 577 2969 Arist
601 2903 623 2964 1.
645 2903 684 2965 h:
707 2907 897 2986 conjecture
919 2927 957 2970 ee
978 2924 1030 2967 res
1050 2901 1185 2965 videtur
1206 2925 1275 2968 esse
1350 2909 1351 2912 ’

204 3019 208 3023 ’
241 3011 452 3099 expedienda.
497 3012 643 3074 Primum
664 3021 902 3093 veromoneo,
931 3012 1084 3075 sillorum
1104 3015 1276 3094 propriam

241 3145 310 3190 esse
338 3089 529 3186 irrisihnsm
560 3129 594 3184 et
621 3122 929 3204 reprehensionem,
972 3124 1012 3183 cf.
1041 3122 1140 3184 infra.
1201 3122 1296 3198 Jam,

241 3255 316 3298 cum
348 3252 408 3296 nee
429 3238 583 3315 praeter-
601 3231 699 3317 Diog.
727 3232 786 3294 La.
819 3233 990 3314 qnisquam
1023 3229 1144 3294 laudet·
1164 3227 1275 3314 Xeno-

240 3343 360 3430 phenis
388 3333 532 3416 iambos,
569 3356 674 3420 neque
702 3338 774 3420 ipse
794 3337 891 3424 Diog.
915 3335 1130 3421 Xenophanis
1151 3341 1275 3422 scripte

155 3431 158 3443 ¹
240 3470 413 3546 recensens
451 3450 550 3512 facile
587 3427 850 3529 praetermiserit
887 3447 981 3509 sillos
1018 3449 1162 3532 (qnippe
1193 3470 1275 3532 quos

326 3667 362 3722 sd
386 3681 497 3722 carmen
521 3664 558 3718 de
584 3679 678 3718 rerum
704 3627 820 3734 nature,
855 3681 891 3720 en
914 3665 950 3720 ed
978 3664 1118 3737 integrum
1143 3664 1178 3718 de
1196 3661 1273 3716 Iride

326 3776 408 3816 cus.
427 3789 460 3802 -
1188 3803 1192 3812 .

276 3778 806 3936 1101116616εἰιΙοεΧεηοριιαηῐε
825 3853 952 3911 restituit
970 3815 1104 3910 Diodori..
1120 3850 1195 3923 apud
1213 3851 1273 3906 He·
1349 3885 1350 3910 t

328 3945 388 4004 rod.
406 3951 468 4017 περ)
485 3964 547 4017 μον.
564 3942 617 4012 λξξ.
641 3947 695 4018 pt
703 3982 713 4013 ,
732 3949 775 4002 11.
