2736 4610
229 312 282 391 44

229 521 295 591 eet,
326 522 469 597 tet-qnae
488 512 525 572 in
545 529 585 572 eo
607 511 753 573 carmine
774 520 922 594 spectent
943 510 985 576 ad
1005 511 1165 574 Boeotum
1186 527 1264 593 par-

218 622 349 702 edum,
392 641 430 708 ca
460 605 548 682 hand
584 621 632 680 ita
661 621 787 706 magnis
822 617 983 701 impedita
1012 620 1267 684 difficultatihne

228 730 306 794 inde
328 749 504 812 excerpere
524 729 686 810 possimne
703 730 737 807 ¹).
787 728 924 790 Etiamsi
945 731 1035 792 enirn
1056 751 1123 795 non
1149 717 1262 794 omnen

226 842 424 922 interpretes
450 835 491 899 de
511 836 718 922 cingulorum
734 836 912 911 verborum
933 837 1161 901 emendatione
1183 858 1262 900 con-

225 951 389 1012 sentiant:
431 953 539 1007 temen
568 962 672 1023 oeque
702 941 796 1021 hujus
826 944 893 1006 loci
916 947 1127 1028 estamplius
1154 945 1195 1010 de
1216 949 1260 1010 iia

225 1054 415 1139 disputare,¹
459 1061 492 1114 et
515 1051 693 1112 sententiae
717 1051 757 1110 ,in
778 1055 968 1118 universnm
988 1055 1169 1118 effecerunt
1190 1075 1260 1118 eae·
1357 1097 1358 1102 ,

212 1163 309 1248 ¹dem.
364 1158 541 1224 Fatendum
563 1155 696 1241 quidem
718 1166 789 1244 eet,u
812 1161 919 1242 ipsum
940 1161 1057 1224 Boeoti
1077 1182 1198 1227 nomen
1221 1166 1258 1224 in
1305 1151 1308 1156 ¹

223 1272 287 1334 hoc
309 1272 454 1332 carmine
480 1286 572 1329 mera
593 1255 783 1343 conjectura
804 1265 990 1330 Casauboni
1011 1272 1075 1332 niti
1095 1250 1158 1352 pro
1180 1275 1258 1334 Boe-

222 1377 328 1452 ωτοὺς
352 1399 383 1443 v.
406 1383 436 1447 9.
469 1378 609 1464 legentis
633 1379 793 1440 Βοιωτοῦ.
860 1379 903 1441 At
930 1387 979 1442 eet
1001 1399 1039 1442 ea
1066 1381 1257 1459 conjectura

220 1497 255 1554 et
274 1485 414 1573 proheta
435 1487 603 1564 omnibus,
637 1494 671 1548 et
691 1479 901 1569 probabilie,·
925 1489 955 1549 ei
977 1508 1041 1571 qna
1062 1490 1138 1550 alia.
1192 1488 1256 1552 Pc-

117 1607 119 1614 '
219 1600 307 1662 lemo
329 1599 425 1666 enim
449 1597 486 1658 in
514 1599 587 1678 ipso
618 1593 659 1657 de
679 1593 894 1678 perodiernm
915 1598 1136 1679 ocriptoribno¹
1155 1616 1255 1682 opere

219 1727 294 1770 cnm
314 1713 392 1790 'poet
412 1703 611 1768 memoratos
633 1706 734 1769 modo
755 1707 921 1770 Euhoeum
937 1706 1163 1790 Boeotumque
1184 1709 1255 1769 len-

218 1815 314 1880 daret
334 1814 518 1901 elegiacum
541 1831 672 1875 carmen
685 1811 878 1884 ‘Alexandri
894 1814 1021 1894 Aetoli,
1066 1833 1130 1899 quo
1149 1815 1253 1878 letiam

215 1927 303 2012 apud
321 1923 455 1996 Biouloe
482 1921 626 2006 parodoe
654 1923 736 1986 istos
758 1927 794 1986 in
816 1924 977 2013 dignitate
998 1929 1097 2002 [niem
1120 1925 1252 1988 demon
1359 2001 1360 2022 Χ

201 2045 353 2104 'straretr
383 2035 434 2096 'in
467 2053 506 2095 eo
537 2053 603 2095 non
624 2021 766 2096 Boeotos
795 2036 932 2097 minime
953 2034 1018 2098 huc
1040 2038 1252 2119 pertinentes,

214 2146 273 2212 ted
293 2145 454 2209 Boeotum
482 2131 920 2226 parodumsseommemorari
951 2154 1010 2207 tuo
1039 2147 1112 2225 jura
1140 2164 1253 2228 exepe-

213 2265 291 2320 otae.
336 2253 490 2318 (ieternrn
513 2255 671 2340 contigit,
692 2262 731 2315 nt
751 2253 788 2318 'in
803 2257 951 2316 carmine
971 2255 1053 2331 icto,
1076 2273 1159 2334 qnae
1177 2273 1253 2335 per-

212 2369 321 2428 tinent
340 2360 382 2426 ad
405 2359 523 2424 Boeoti
543 2362 662 2439 vitem,
692 2379 817 2435 mores,
839 2361 982 2440 scripta,
1004 2377 1044 2420 ea
1064 2362 1176 2419 omnia
1197 2380 1251 2421 re-

210 2476 321 2558 periat
342 2477 541 2532 memorata:
582 2464 619 2527 id
648 2461 736 2544 qnod
762 2464 799 2522 in.
820 2463 1027 2545 epitaphium
1049 2466 1173 2548 optima
1195 2479 1249 2530 ca.

211 2581 272 2645 dit.
335 2579 482 2658 Apparet
512 2593 593 2635 vero
612 2572 772 2633 Boeotum
799 2573 841 2634 ab
863 2571 1067 2660 Agathocle,
1109 2573 1248 2644 Siciliae

208 2681 378 2772 tyranno,
419 2684 531 2766 patria
562 2681 645 2743 urbe
673 2679 884 2762 (Syracusio,
927 2685 1076 2748 vetolio
1104 2686 1246 2770 quedam

207 2799 292 2864 urbe
322 2793 450 2872 Sicula)
482 2794 638 2872 ejectum,
681 2795 822 2856 multum
851 2793 973 2879 diuque
1001 2796 1099 2878 apnd'
1115 2803 1246 2862 exteros

206 2917 379 2998 vagatum,
408 2904 444 2964 in
466 2903 616 2988 Aegypto
638 2898 792 3000 demnm5
816 2913 856 2964 ut
876 2909 1062 2991 suspicatur
1084 2905 1243 2992 Capeilm.

205 3041 237 3104 p.
260 3023 322 3095 39,
365 3011 637 3094 eeee‘eepultnm.
704 3011 753 3074 It'a
783 3015 998 3102 confirmator
1024 3019 1126 3079 etiam
1146 3017 1244 3099 illud,
1267 3067 1270 3074 .

206 3124 298 3214 qnod·
316 3136 357 3187 ex
377 3123 527 3196 ratione,
571 3141 634 3206 qua
655 3123 789 3186 Polemo
819 3126 841 3187 l.
863 3127 887 3186 i.
916 3123 1084 3188 Euboeam
1106 3137 1140 3191 et
1160 3129 1244 3192 Boe-

206 3247 299 3301 otum
320 3225 572 3311 commemorat,
614 3235 774 3296 nonaine
793 3233 867 3298 ve'ri
889 3235 997 3316 specie
1018 3245 1126 3317 potest
1147 3239 1243 3302 colli-

204 3349 258 3436 gi,
297 3337 475 3436 tetrumque
498 3338 663 3425 =parotium
693 3339 808 3402 eodem
830 3320 900 3430 fere
932 3349 1081 3427 tempore
1107 3347 1240 3434 rixieee.

205 3453 344 3518 Generis
382 3451 583 3527 nobilitate,
627 3449 880 3542 hospitatitate,
925 3453 1059 3539 ingenio
1099 3452 1242 3541 denique

203 3559 368 3627 excellens
388 3557 601 3658 vehementer
630 3557 716 3620 idern
746 3551 926 3640 puerorum
953 3566 1062 3626 amori
1085 3564 1238 3630 indulsit.

236 3761 264 3824 1)
287 3757 409 3811 Praeter
426 3753 566 3810 Athenaei
585 3752 761 3826 interpretes
779 3733 951 3810 emendando
969 3754 1239 3830 interpretendoqne

287 3847 490 3908 hnietcarnioi
508 3865 624 3920 operam
646 3852 788 3908 dederont
805 3852 920 3906 Jacobs.
939 3848 1105 3918 Aointadtm.¹
1122 3853 1159 3912 ad
1177 3855 1238 3913 An.

287 3943 358 4002 thol.
378 3941 403 4000 1.
421 3943 461 3998 ll.
478 3943 583 4014 pm,
603 3955 633 4000 et
650 3945 845 4021 Capellmann.
864 3944 917 4000 1.1.
936 3961 964 4015 p·
976 3947 1010 4004 62
1027 3959 1091 4014 eqo.
