2736 4610
1016 263 1136 456 ,aa

95 530 231 591 nomine
253 523 349 590 acuta
378 519 537 608 quaedam
559 525 611 614 uis
637 525 734 590 nobis
748 527 896 614 ignota,
939 528 1020 591 satia
1041 529 1139 618 trigi-

87 635 176 700 ¹dum
199 635 301 697 fuisse
322 631 511 696 nominibus
532 630 671 696 lu'tlentli
692 633 835 698 modum.

184 742 319 824 Sopatri
340 741 481 823 scripta,
521 739 675 821 phlyaces
698 749 731 802 et
751 740 909 823 parodiae
931 737 1137 818 (de'comoe-

9 907 10 920 ,
98 853 164 915 diis
187 850 401 914 dubitandum
424 869 494 911 esso
515 861 615 931 supra
638 853 773 932 monui)
804 870 921 939 inagna
945 851 1138 914 serebantur

96 967 205 1026 fama:
249 982 309 1026 nec
336 961 444 1021 minus
482 955 637 1043 παρῳδός
665 961 856 1022 nominatur
884 957 970 1040 apud
1002 953 1135 1038 Athen„

91 1093 192 1156 quam
214 1055 504 1150 qivaxoypotpm!
551 1065 601 1130 De
632 1067 809 1151 phlyacum
831 1069 962 1130 ratione
983 1065 1136 1152 egit'Ca-

92 1183 205 1265 peilm.
239 1182 260 1243 l.
284 1182 305 1241 l.
335 1191 366 1262 p.
380 1183 422 1242 22
436 1169 504 1258 sqq.
542 1178 584 1236 cf.
607 1175 745 1240 Miiller.
769 1178 849 1241 Dor.
872 1175 914 1240 II.
944 1195 976 1258 p.
988 1179 1053 1243 364
1064 1197 1133 1258 sqq.

91 1289 227 1352 Mattcr.
251 1290 352 1366 Essay
374 1300 432 1346 sur.
451 1283 568 1346 l’e'cote
589 1284 720 1368 d’Alex.
736 1285 761 1348 I.
784 1291 904 1366 petua.
948 1285 1135 1347 Homerum

89 1419 170 1463 vero
193 1418 248 1462 eos
271 1399 397 1457 referre
420 1391 593 1473 parodica,
628 1391 690 1456 nc'c
711 1395 894 1478 fragmenta
914 1373 1081 1454 testantur
1096 1389 1133 1471 Ι),

90 1532 151 1575 nec
173 1503 330 1574 ¹vetcrmn
359 1507 561 1586 scriptorum
590 1502 630 1567 de
658 1503 702 1563 iis
728 1499 812 1562 loci:
855 1497 974 1560 Athen.
996 1498 1071 1560 XV.
1086 1521 1132 1584 ·p.

8 1623 9 1682 ζ
89 1625 165 1686 out.
188 1619 220 1680 F.
261 1617 380 1698 (quem
409 1614 584 1697 exscripsit
614 1609 763 1674 Eustath.
801 1627 834 1692 p·
866 1609 952 1686 884,
987 1609 1057 1687 26.)
1098 1618 1133 1671 et

8 1733 9 1744 ¹
89 1724 204 1812 Steph.
228 1726 305 1804 Byr.
331 1721 371 1786 de
391 1724 486 1785 urbb.
510 1745 535 1786 a.
556 1744 588 1787 v.
613 1718 741 1802 Τάρας·
771 1715 907 1784 Ῥίνθων
928 1720 1134 1801 Ταραντῖνος

86 1834 203 1911 φλύαξ
221 1832 269 1891 ’τὰ
291 1828 437 1913 τραγικὰ
461 1827 738 1914 μεταρῤνθμίζων
758 1828 805 1902 εἰς
825 1821 867 1888 τὸ
881 1828 1025 1907 γελοῖον.
1067 1831 1132 1912 Dq.

8 1949 9 1968 ¹
88 1940 168 2004 inde
190 1937 345 2020 parodias
367 1939 467 1998 fuisse
490 1945 523 1998 ot
541 1939 660 1998 multae
682 1945 716 2000 ot
737 1937 883 2022 insignes
906 1935 984 2001 inde
1004 1941 1132 2012 intelli·

88 2051 200 2133 gitur,
224 2042 313 2124 quod
336 2040 478 2122 Sopater
499 2040 613 2103 eodem
636 2042 752 2117 modo,
775 2061 841 2121 quo
862 2041 1019 2132 Metron,
1041 2045 1130 2128 apud
1229 2110 1232 2118 ,

8 2187 9 2212 t
86 2153 208 2216 Athen.
232 2149 488 2233 pluribus·locis
511 2148 702 2206 nominatur
730 2145 937 2228 ὁπαρῳδός.
1002 2153 1047 2214 At
1078 2173 1131 2214 ea.

87 2282 165 2323 rum
194 2264 378 2345 fragmenta
409 2272 609 2340 magnopere
635 2251 733 2316 doleo
764 2263 895 2316 servata
923 2276 992 2320 esse
1022 2279 1129 2344 neque
1157 2275 1160 2288 '

87 2368 177 2454 apud
198 2367 365 2444 Eustath.,
405 2383 511 2446 neque
534 2360 622 2445 apud
641 2361 781 2442 Athen,
825 2371 1011 2428 ceterarum
1030 2387 1129 2450 paro·

87 2478 221 2542 diarum
242 2478 369 2563 largam
390 2471 595 2557 apothecam.

121 2694 278 2760 l)'-Earttm
303 2681 460 2740 fabularum
483 2684 639 2754 fragmenta
665 2683 749 2752 dico,
784 2703 855 2758 quaa
881 2688 985 2743 Athen.
1010 2688 1125 2764 Sopatri

173 2782 302 2856 δράματα
320 2789 410 2836 vocat.
445 2779 547 2846 Neque
566 2778 642 2832 enim
660 2791 773 2846 exstat,
801 2783 876 2850 quod
895 2799 933 2834 ex
952 2784 1126 2853 phlyacibun

171 2900 235 2936 esse
253 2886 332 2934 certo
350 2874 480 2928 sciamus.
516 2874 621 2926 Osann.
640 2871 752 2939 quidem
770 2875 852 2930 Anal.
873 2872 916 2928 rei
935 2889 1013 2930 scen.
1038 2894 1068 2946 p.
1079 2882 1122 2934 73.

171 2974 309 3042 conjecit,
328 2968 443 3042 Sopatri
463 2969 647 3038 fragmentum
665 2967 739 3038 apud
752 2969 857 3022 Athen.
875 2964 959 3023 XIV.
978 2986 1007 3039 p.
1018 2971 1078 3025 656.
1088 2970 1122 3029 lt.

171 3073 263 3128 fuisse
281 3069 494 3126 hexametrum
534 3075 619 3128 quam
643 3060 832 3126 conjecturam
849 3059 983 3131 probavit
1000 3061 1120 3132 Miller.

113 3221 122 3242 ‚
168 3166 242 3220 Dor.
260 3160 299 3215 ΙΙ.
319 3158 415 3230 pact.
456 3155 493 3209 At
515 3169 548 3208 ea
567 3155 729 3220 conjectura
747 3151 872 3222 quamvis
890 3150 927 3206 ait
945 3156 1120 3225 probabilis,

168 3243 249 3316 nihil¹
269 3267 361 3310 tamen
385 3252 419 3306 ad
443 3266 487 3304 nte
509 3250 619 3306 attinet.
672 3251 773 3318 Neque
796 3247 872 3302 enim
898 3236 1120 3305 Homericae

168 3349 354 3427 parodiac
377 3344 499 3415 speciem
518 3347 604 3400 habat
622 3363 722 3402 versus
740 3346 815 3410 ista,
839 3351 883 3409 et,
907 3342 935 3398 si
952 3353 1048 3410 esset,
1072 3361 1119 3400 ra.

163 3465 202 3514 ‘ro
228 3454 331 3499 tantum
358 3438 496 3496 trimetris
523 3438 673 3506 iambicis,
710 3438 785 3506 quod
810 3433 972 3514 solitarium
998 3444 1118 3494 metrum

167 3548 212 3594 est
230 3539 397 3608 phtyacum,
431 3533 593 3590 hexametri
616 3530 737 3588 admixti
750 3538 821 3585 'sant
838 3529 1014 3586 concedente
1032 3531 1117 3590 etiam

86 3647 90 3660 ‘
164 3634 293 3690 Millero
310 3631 331 3692 l.
350 3630 372 3684 l.
