2736 4610
411 1096 835 1244 Ριιιιιιιιιιο.

513 1318 771 1352 ............„,

103 1522 289 1654 Scribere
315 1561 411 1642 ausus
439 1599 528 1658 sum,
569 1579 642 1672 etsi
657 1577 764 1674 stadio
787 1577 1050 1644 academicorum
1070 1592 1138 1646 stu-

102 1689 235 1754 diorum
257 1692 315 1754 vix
335 1669 510 1773 percurso,
534 1685 623 1770 quod
644 1689 693 1749 ita
713 1697 842 1753 tantum
864 1694 983 1752 summi
1004 1695 1040 1753 in
1062 1695 1137 1778 phi-

101 1801 257 1890 losophia
278 1799 419 1860 honores
439 1805 636 1884 parantum
646 1797 731 1868 hanc
748 1819 828 1862 vero
847 1819 918 1864 rem
939 1802 1025 1888 elegi
1046 1801 1135 1882 ideo,
1201 1821 1207 1832 ²

98 1917 139 1970 ut
160 1907 366 1970 adverterem
387 1907 471 1964 alios
500 1900 541 1962 ad
569 1887 745 1984 parodicae
772 1928 909 1986 poeseos
932 1907 1135 1975 Graecorum
1204 1908 1211 1920 ‘

99 2035 225 2104 genus,
268 2033 341 2074 cum
365 2011 521 2092 quoniam
542 2009 703 2071 latissime
722 2021 833 2094 patet,
876 2023 946 2076 tum
968 2016 1042 2075 ob
1031 2021 1135 2098 ipsius

96 2126 241 2188 virtutes
267 2117 515 2204 dignissimum,
558 2117 594 2175 in
616 2135 681 2196 quo
704 2117 865 2200 quispiam
893 2139 945 2182 me
975 2130 1008 2199 et
1028 2133 1135 2223 aetate

15 2210 29 2238 ’
98 2241 135 2294 et
156 2229 307 2292 doctrina
329 2226 435 2304 major
455 2220 600 2284 studium
622 2223 811 2288 collocaret.
866 2213 1044 2320 Nondum
1046 2215 1135 2296 enim

99 2341 179 2403 huic
207 2355 342 2421 poeseos
365 2332 510 2396 Graecae
538 2331 627 2414 parti
650 2334 796 2432 contigit
816 2354 854 2398 ea
875 2335 953 2416 lux,
996 2359 1060 2441 qoa
1082 2362 1134 2404 ce-

97 2451 181 2512 teris
203 2456 316 2510 nostra
338 2465 399 2528 per
419 2452 570 2526 tempora
590 2444 659 2504 frui
682 2446 792 2540 lippit
841 2433 1040 2530 Antiquiore
1061 2436 1133 2532 qoi-

96 2555 175 2618 dem
204 2565 353 2652 tempore
380 2550 506 2612 Henr.
527 2548 771 2652 Stephanus
801 2553 1006 2650 Graecorum
1034 2580 1132 2642 paro-

96 2663 185 2742 dias,
229 2681 292 2746 qua
325 2660 452 2760 solebat
485 2665 519 2720 et
546 2656 700 2760 doctrina
733 2671 766 2724 et
794 2667 945 2726 acumine
975 2651 1138 2732 tractavit
1218 2647 1220 2652 Ι

96 2773 224 2838 duobus
256 2772 372 2833 libris:
419 2731 582 2848 »Ὁμήροιι
602 2767 659 2828 καὶ
675 2743 878 2832 Ησιόδου’
860 2769 953 2852 opor
972 2783 1033 2836 etc.
1057 2775 1131 2840 Ma

94 2885 202 2948 tronis
230 2891 263 2945 et
288 2882 431 2942 aliorum
459 2869 629 2961 parodiae
644 2903 686 2944 ex
707 2883 849 2946 Homeri
875 2882 1025 2945 versibus
1053 2904 1130 2946 con-

93 3003 203 3072 sutae«
227 2995 438 3063 ann015735
466 3010 562 3072 quem
583 2993 707 3074 librum
730 2990 794 3054 duo
816 2999 892 3074 post
912 3011 1015 3053 annos
1037 2963 1132 3054 seco-⁵

94 3113 147 3165 tae
176 3109 264 3170 sunt!
279 3099 438 3178 ejusdem:
486 3097 664 3164 »parociae
686 3101 834 3163 Morales
856 3110 918 3163 etc.
943 3087 1128 3164 Centonum

92 3222 242 3277 veterum
273 3217 306 3270 et
336 3190 550 3290 parodiarom
579 3210 752 3291 utriusque
784 3210 918 3294 linguae
946 3193 1123 3292 exempla«

94 3318 222 3384 Deinde
244 3326 292 3380 est
313 3319 350 3376 in
368 3313 549 3379 Commeat.
568 3315 668 3401 Acad.
692 3302 795 3377 Paris.
818 3315 920 3378 Inscr.
943 3317 1039 3380 Tom.
1052 3307 1124 3400 VII.

94 3428 281 3491 dissertatio
310 3425 430 3489 leviter
451 3427 638 3510 conscripta
665 3423 887 3503 Sallierii,
928 3431 1124 3496 anno1726

92 3539 257 3621 praelecta
285 3555 342 3596 sur
362 3534 514 3619 l'origine
536 3544 569 3595 et
589 3555 648 3596 sur
668 3535 701 3596 le
722 3534 889 3624 caractere
911 3532 951 3598 de
972 3535 1006 3597 la
1025 3557 1124 3620 paro·

92 3648 153 3712 die.
218 3643 300 3708 Inde
321 3645 360 3705 ab
383 3645 454 3706 hoc
469 3654 581 3707 autem
600 3653 769 3728 tempore,
802 3654 1031 3729 praetorem,
1065 3649 1123 3728 qui
1159 3694 1161 3698 ,
1242 3660 1243 3667 “

90 3757 263 3820 literarum
285 3753 459 3815 historiam
480 3753 700 3851 scripserunt,
733 3755 942 3839 potissimum
970 3753 1120 3840 Flo'gel.

91 3865 287 3931 Geschichte
309 3861 342 3928 d.
365 3882 448 3926 com.
470 3863 613 3926 Literat.
635 3863 745 3949 (Lips.
770 3870 866 3934 1784.
890 3869 920 3931 8·
950 3861 1001 3926 IV
1014 3861 1121 3943 tom),
1217 3915 1229 3934 ,

884 4001 923 4064 1*
