<?xml version="1.0" encoding="UTF-8"?>
<!DOCTYPE html PUBLIC "-//W3C//DTD XHTML 1.0 Transitional//EN"
    "http://www.w3.org/TR/xhtml1/DTD/xhtml1-transitional.dtd">
<html xmlns="http://www.w3.org/1999/xhtml" xml:lang="en" lang="en">
 <head>
  <title>
</title>
<meta http-equiv="Content-Type" content="text/html;charset=utf-8" />
  <meta name='ocr-system' content='tesseract 3.04.00' />
  <meta name='ocr-capabilities' content='ocr_page ocr_carea ocr_par ocr_line ocrx_word'/>
</head>
<body>
  <div class='ocr_page' id='page_1' title='image "./depraecipuispar00welagoog_0015.png"; bbox 0 0 2736 4610; ppageno 0'>
   <div class='ocr_carea' id='block_1_1' title="bbox 223 493 1362 599">
    <p class='ocr_par' dir='ltr' id='par_1_1' title="bbox 223 493 1362 599">
     <span class='ocr_line' id='line_1_1' title="bbox 223 493 1362 599; baseline 0.007 -32"><span class='ocrx_word' id='word_1_1' title='bbox 223 505 375 569; x_wconf 85' lang='lat' dir='ltr'><strong>omittam</strong></span> <span class='ocrx_word' id='word_1_2' title='bbox 399 508 571 592; x_wconf 78' lang='lat' dir='ltr'><strong>propriam</strong></span> <span class='ocrx_word' id='word_1_3' title='bbox 595 510 688 573; x_wconf 82' lang='lat' dir='ltr'><strong>roais</strong></span> <span class='ocrx_word' id='word_1_4' title='bbox 717 509 1015 599; x_wconf 76' lang='lat' dir='ltr'><strong>significationem)</strong></span> <span class='ocrx_word' id='word_1_5' title='bbox 1050 533 1092 578; x_wconf 87' lang='lat' dir='ltr'><strong>ex</strong></span> <span class='ocrx_word' id='word_1_6' title='bbox 1119 513 1261 597; x_wconf 84' lang='lat' dir='ltr'><strong>scripto·</strong></span> <span class='ocrx_word' id='word_1_7' title='bbox 1361 493 1362 556; x_wconf 58' lang='grc' dir='ltr'>ἶ</span> 
     </span>
    </p>
   </div>
   <div class='ocr_carea' id='block_1_2' title="bbox 222 613 1260 709">
    <p class='ocr_par' dir='ltr' id='par_1_2' title="bbox 222 613 1260 709">
     <span class='ocr_line' id='line_1_2' title="bbox 222 613 1260 709; baseline 0.011 -34"><span class='ocrx_word' id='word_1_8' title='bbox 222 631 297 676; x_wconf 82' lang='lat' dir='ltr'><strong>rum</strong></span> <span class='ocrx_word' id='word_1_9' title='bbox 318 633 381 677; x_wconf 88' lang='lat' dir='ltr'><strong>usu</strong></span> <span class='ocrx_word' id='word_1_10' title='bbox 401 624 496 679; x_wconf 87' lang='lat' dir='ltr'><strong>notat</strong></span> <span class='ocrx_word' id='word_1_11' title='bbox 524 613 560 678; x_wconf 88' lang='lat' dir='ltr'><strong>id</strong></span> <span class='ocrx_word' id='word_1_12' title='bbox 586 617 754 682; x_wconf 81' lang='lat' dir='ltr'><strong>scribendi</strong></span> <span class='ocrx_word' id='word_1_13' title='bbox 783 641 906 709; x_wconf 81' lang='lat' dir='ltr'><strong>genus,</strong></span> <span class='ocrx_word' id='word_1_14' title='bbox 950 622 1058 708; x_wconf 83' lang='lat' dir='ltr'><strong>quod</strong></span> <span class='ocrx_word' id='word_1_15' title='bbox 1086 626 1260 698; x_wconf 88' lang='lat' dir='ltr'><strong>mutatis</strong></span> 
     </span>
    </p>
   </div>
   <div class='ocr_carea' id='block_1_3' title="bbox 222 724 1364 971">
    <p class='ocr_par' dir='ltr' id='par_1_3' title="bbox 222 724 1364 971">
     <span class='ocr_line' id='line_1_3' title="bbox 222 724 1363 813; baseline 0.013 -33"><span class='ocrx_word' id='word_1_16' title='bbox 222 724 352 808; x_wconf 76' lang='lat' dir='ltr'><strong>magis</strong></span> <span class='ocrx_word' id='word_1_17' title='bbox 374 725 565 802; x_wconf 84' lang='lat' dir='ltr'><strong>minusve</strong></span> <span class='ocrx_word' id='word_1_18' title='bbox 586 726 696 788; x_wconf 90' lang='lat' dir='ltr'><strong>alius</strong></span> <span class='ocrx_word' id='word_1_19' title='bbox 717 730 949 813; x_wconf 87' lang='lat' dir='ltr'><strong>scriptoris</strong></span> <span class='ocrx_word' id='word_1_20' title='bbox 969 732 1114 812; x_wconf 86' lang='lat' dir='ltr'><strong>verbis</strong></span> <span class='ocrx_word' id='word_1_21' title='bbox 1135 734 1260 795; x_wconf 91' lang='lat' dir='ltr'><strong>aliam</strong></span> <span class='ocrx_word' id='word_1_22' title='bbox 1361 749 1363 810; x_wconf 77' lang='grc' dir='ltr'>ζ</span> 
     </span>
     <span class='ocr_line' id='line_1_4' title="bbox 223 832 1364 971; baseline 0.016 -82"><span class='ocrx_word' id='word_1_23' title='bbox 223 832 385 896; x_wconf 84' lang='lat' dir='ltr'><strong>tribuit</strong></span> <span class='ocrx_word' id='word_1_24' title='bbox 411 838 689 920; x_wconf 85' lang='lat' dir='ltr'><strong>sententiam,</strong></span> <span class='ocrx_word' id='word_1_25' title='bbox 727 848 851 924; x_wconf 86' lang='lat' dir='ltr'><strong>atque</strong></span> <span class='ocrx_word' id='word_1_26' title='bbox 872 860 992 924; x_wconf 87' lang='lat' dir='ltr'><strong>qnam</strong></span> <span class='ocrx_word' id='word_1_27' title='bbox 1017 841 1098 904; x_wconf 89' lang='lat' dir='ltr'><strong>ille</strong></span> <span class='ocrx_word' id='word_1_28' title='bbox 1121 843 1261 906; x_wconf 82' lang='lat' dir='ltr'><strong>inesse</strong></span> <span class='ocrx_word' id='word_1_29' title='bbox 1360 855 1364 971; x_wconf 57' lang='grc' dir='ltr'>ι</span> 
     </span>
    </p>
   </div>
   <div class='ocr_carea' id='block_1_4' title="bbox 222 937 1260 1252">
    <p class='ocr_par' dir='ltr' id='par_1_4' title="bbox 222 937 1260 1252">
     <span class='ocr_line' id='line_1_5' title="bbox 222 937 568 1025; baseline 0.032 -29"><span class='ocrx_word' id='word_1_30' title='bbox 222 937 266 997; x_wconf 92' lang='lat' dir='ltr'><strong>in</strong></span> <span class='ocrx_word' id='word_1_31' title='bbox 296 940 352 1003; x_wconf 89' lang='lat' dir='ltr'><strong>iis</strong></span> <span class='ocrx_word' id='word_1_32' title='bbox 375 943 568 1025; x_wconf 84' lang='lat' dir='ltr'><strong>volnit1).</strong></span> 
     </span>
     <span class='ocr_line' id='line_1_6' title="bbox 307 1047 1260 1142; baseline 0.01 -30"><span class='ocrx_word' id='word_1_33' title='bbox 307 1047 400 1114; x_wconf 89' lang='lat' dir='ltr'><strong>Haeo</strong></span> <span class='ocrx_word' id='word_1_34' title='bbox 421 1054 451 1113; x_wconf 93' lang='lat' dir='ltr'><strong>si</strong></span> <span class='ocrx_word' id='word_1_35' title='bbox 472 1061 545 1114; x_wconf 89' lang='lat' dir='ltr'><strong>erat</strong></span> <span class='ocrx_word' id='word_1_36' title='bbox 566 1055 662 1142; x_wconf 80' lang='lat' dir='ltr'><strong>origo</strong></span> <span class='ocrx_word' id='word_1_37' title='bbox 684 1055 900 1140; x_wconf 80' lang='lat' dir='ltr'><strong>parodiarum</strong></span> <span class='ocrx_word' id='word_1_38' title='bbox 921 1058 958 1119; x_wconf 90' lang='lat' dir='ltr'><strong>in</strong></span> <span class='ocrx_word' id='word_1_39' title='bbox 978 1058 1192 1140; x_wconf 86' lang='lat' dir='ltr'><strong>universum,</strong></span> <span class='ocrx_word' id='word_1_40' title='bbox 1220 1069 1260 1122; x_wconf 91' lang='lat' dir='ltr'><strong>ut</strong></span> 
     </span>
     <span class='ocr_line' id='line_1_7' title="bbox 222 1167 1260 1252; baseline 0.009 -29"><span class='ocrx_word' id='word_1_41' title='bbox 222 1174 359 1242; x_wconf 76' lang='lat' dir='ltr'><strong>poeseos</strong></span> <span class='ocrx_word' id='word_1_42' title='bbox 390 1184 492 1250; x_wconf 76' lang='lat' dir='ltr'><strong>genus</strong></span> <span class='ocrx_word' id='word_1_43' title='bbox 524 1167 685 1252; x_wconf 83' lang='lat' dir='ltr'><strong>latissime</strong></span> <span class='ocrx_word' id='word_1_44' title='bbox 717 1177 832 1251; x_wconf 86' lang='lat' dir='ltr'><strong>patens</strong></span> <span class='ocrx_word' id='word_1_45' title='bbox 861 1167 939 1232; x_wconf 89' lang='lat' dir='ltr'><strong>inde</strong></span> <span class='ocrx_word' id='word_1_46' title='bbox 957 1167 1150 1251; x_wconf 71' lang='lat' dir='ltr'><strong>&#39;evaderet,</strong></span> <span class='ocrx_word' id='word_1_47' title='bbox 1192 1171 1260 1232; x_wconf 88' lang='lat' dir='ltr'><strong>alia</strong></span> 
     </span>
    </p>
   </div>
   <div class='ocr_carea' id='block_1_5' title="bbox 115 1267 1364 1358">
    <p class='ocr_par' dir='ltr' id='par_1_5' title="bbox 115 1267 1364 1358">
     <span class='ocr_line' id='line_1_8' title="bbox 115 1267 1364 1358; baseline 0.01 -30"><span class='ocrx_word' id='word_1_48' title='bbox 115 1299 121 1318; x_wconf 77' lang='lat'><strong>.</strong></span> <span class='ocrx_word' id='word_1_49' title='bbox 222 1269 382 1350; x_wconf 75' lang='lat' dir='ltr'>quaedam</span> <span class='ocrx_word' id='word_1_50' title='bbox 403 1295 457 1339; x_wconf 85' lang='lat' dir='ltr'><strong>res</strong></span> <span class='ocrx_word' id='word_1_51' title='bbox 478 1274 593 1342; x_wconf 84' lang='lat' dir='ltr'><strong>debuit</strong></span> <span class='ocrx_word' id='word_1_52' title='bbox 614 1269 780 1348; x_wconf 76' lang='lat' dir='ltr'><strong>accedero.</strong></span> <span class='ocrx_word' id='word_1_53' title='bbox 844 1267 1024 1343; x_wconf 84' lang='lat' dir='ltr'><strong>Commune</strong></span> <span class='ocrx_word' id='word_1_54' title='bbox 1051 1269 1122 1348; x_wconf 80' lang='lat' dir='ltr'><strong>iere</strong></span> <span class='ocrx_word' id='word_1_55' title='bbox 1152 1278 1259 1340; x_wconf 90' lang='lat' dir='ltr'><strong>homi·</strong></span> <span class='ocrx_word' id='word_1_56' title='bbox 1361 1277 1364 1358; x_wconf 64' lang='lat' dir='ltr'><strong>f</strong></span> 
     </span>
    </p>
   </div>
   <div class='ocr_carea' id='block_1_6' title="bbox 221 1383 1259 1583">
    <p class='ocr_par' dir='ltr' id='par_1_6' title="bbox 221 1383 1259 1583">
     <span class='ocr_line' id='line_1_9' title="bbox 221 1383 1259 1477; baseline 0.011 -41"><span class='ocrx_word' id='word_1_57' title='bbox 221 1395 301 1440; x_wconf 92' lang='lat' dir='ltr'><strong>num</strong></span> <span class='ocrx_word' id='word_1_58' title='bbox 327 1400 402 1444; x_wconf 89' lang='lat' dir='ltr'><strong>cum</strong></span> <span class='ocrx_word' id='word_1_59' title='bbox 435 1387 480 1448; x_wconf 87' lang='lat' dir='ltr'><strong>sit</strong></span> <span class='ocrx_word' id='word_1_60' title='bbox 506 1385 652 1452; x_wconf 87' lang='lat' dir='ltr'><strong>studium</strong></span> <span class='ocrx_word' id='word_1_61' title='bbox 679 1390 873 1477; x_wconf 78' lang='lat' dir='ltr'><strong>gravissima</strong></span> <span class='ocrx_word' id='word_1_62' title='bbox 895 1406 1041 1472; x_wconf 84' lang='lat' dir='ltr'><strong>quaeque</strong></span> <span class='ocrx_word' id='word_1_63' title='bbox 1063 1383 1259 1448; x_wconf 85' lang='lat' dir='ltr'><strong>detrahendi</strong></span> 
     </span>
     <span class='ocr_line' id='line_1_10' title="bbox 222 1485 1258 1583; baseline 0.01 -38"><span class='ocrx_word' id='word_1_64' title='bbox 222 1485 470 1576; x_wconf 84' lang='lat' dir='ltr'><strong>irridendique:</strong></span> <span class='ocrx_word' id='word_1_65' title='bbox 500 1516 541 1559; x_wconf 86' lang='lat' dir='ltr'><strong>ex</strong></span> <span class='ocrx_word' id='word_1_66' title='bbox 559 1517 598 1560; x_wconf 85' lang='lat' dir='ltr'><strong>ea</strong></span> <span class='ocrx_word' id='word_1_67' title='bbox 618 1499 707 1583; x_wconf 82' lang='lat' dir='ltr'><strong>lege,</strong></span> <span class='ocrx_word' id='word_1_68' title='bbox 729 1517 793 1578; x_wconf 88' lang='lat' dir='ltr'><strong>qna</strong></span> <span class='ocrx_word' id='word_1_69' title='bbox 811 1505 957 1559; x_wconf 86' lang='lat' dir='ltr'><strong>extrema</strong></span> <span class='ocrx_word' id='word_1_70' title='bbox 975 1514 1123 1579; x_wconf 86' lang='lat' dir='ltr'><strong>quaeque</strong></span> <span class='ocrx_word' id='word_1_71' title='bbox 1143 1495 1258 1580; x_wconf 83' lang='lat' dir='ltr'><strong>proxi·</strong></span> 
     </span>
    </p>
   </div>
   <div class='ocr_carea' id='block_1_7' title="bbox 222 1603 1363 1695">
    <p class='ocr_par' dir='ltr' id='par_1_7' title="bbox 222 1603 1363 1695">
     <span class='ocr_line' id='line_1_11' title="bbox 222 1603 1363 1695; baseline 0.008 -38"><span class='ocrx_word' id='word_1_72' title='bbox 222 1614 276 1658; x_wconf 90' lang='lat' dir='ltr'><strong>me</strong></span> <span class='ocrx_word' id='word_1_73' title='bbox 296 1618 331 1662; x_wconf 88' lang='lat' dir='ltr'><strong>se</strong></span> <span class='ocrx_word' id='word_1_74' title='bbox 352 1603 542 1695; x_wconf 76' lang='lat' dir='ltr'><strong>attingunt,</strong></span> <span class='ocrx_word' id='word_1_75' title='bbox 578 1603 666 1668; x_wconf 86' lang='lat' dir='ltr'><strong>dicta</strong></span> <span class='ocrx_word' id='word_1_76' title='bbox 689 1624 835 1687; x_wconf 86' lang='lat' dir='ltr'><strong>quaeque</strong></span> <span class='ocrx_word' id='word_1_77' title='bbox 855 1606 1057 1689; x_wconf 88' lang='lat' dir='ltr'><strong>amplissime</strong></span> <span class='ocrx_word' id='word_1_78' title='bbox 1078 1613 1113 1668; x_wconf 85' lang='lat' dir='ltr'><strong>et</strong></span> <span class='ocrx_word' id='word_1_79' title='bbox 1132 1605 1259 1692; x_wconf 80' lang='lat' dir='ltr'><strong>magni·</strong></span> <span class='ocrx_word' id='word_1_80' title='bbox 1362 1661 1363 1666; x_wconf 73' lang='grc'><strong>,</strong></span> 
     </span>
    </p>
   </div>
   <div class='ocr_carea' id='block_1_8' title="bbox 113 1695 1258 1797">
    <p class='ocr_par' dir='ltr' id='par_1_8' title="bbox 113 1695 1258 1797">
     <span class='ocr_line' id='line_1_12' title="bbox 113 1695 1258 1797; baseline 0.01 -33"><span class='ocrx_word' id='word_1_81' title='bbox 113 1773 118 1782; x_wconf 29' lang='lat'><strong>¹</strong></span> <span class='ocrx_word' id='word_1_82' title='bbox 141 1711 144 1716; x_wconf 81' lang='grc'>’</span> <span class='ocrx_word' id='word_1_83' title='bbox 221 1695 433 1770; x_wconf 78' lang='lat' dir='ltr'><strong>fioe&#39;ntiss&#39;irbe</strong></span> <span class='ocrx_word' id='word_1_84' title='bbox 454 1697 630 1774; x_wconf 82' lang='lat' dir='ltr'><strong>maximam</strong></span> <span class='ocrx_word' id='word_1_85' title='bbox 658 1712 818 1795; x_wconf 83' lang='lat' dir='ltr'><strong>&#39;praebent</strong></span> <span class='ocrx_word' id='word_1_86' title='bbox 837 1714 1006 1776; x_wconf 72' lang='lat' dir='ltr'><strong>irrisionis</strong></span> <span class='ocrx_word' id='word_1_87' title='bbox 1028 1715 1258 1797; x_wconf 81' lang='lat' dir='ltr'><strong>opportunita-</strong></span> 
     </span>
    </p>
   </div>
   <div class='ocr_carea' id='block_1_9' title="bbox 219 1810 1258 2136">
    <p class='ocr_par' dir='ltr' id='par_1_9' title="bbox 219 1810 1258 2136">
     <span class='ocr_line' id='line_1_13' title="bbox 221 1810 1258 1912; baseline 0.011 -39"><span class='ocrx_word' id='word_1_88' title='bbox 221 1819 297 1874; x_wconf 85' lang='lat' dir='ltr'><strong>tem.</strong></span> <span class='ocrx_word' id='word_1_89' title='bbox 361 1816 437 1879; x_wconf 88' lang='lat' dir='ltr'><strong>Jam</strong></span> <span class='ocrx_word' id='word_1_90' title='bbox 464 1820 494 1883; x_wconf 90' lang='lat' dir='ltr'><strong>si</strong></span> <span class='ocrx_word' id='word_1_91' title='bbox 521 1821 596 1902; x_wconf 88' lang='lat' dir='ltr'><strong>quis</strong></span> <span class='ocrx_word' id='word_1_92' title='bbox 622 1810 806 1909; x_wconf 80' lang='lat' dir='ltr'><strong>magnificis</strong></span> <span class='ocrx_word' id='word_1_93' title='bbox 831 1824 917 1885; x_wconf 90' lang='lat' dir='ltr'><strong>alius</strong></span> <span class='ocrx_word' id='word_1_94' title='bbox 945 1825 1120 1907; x_wconf 88' lang='lat' dir='ltr'><strong>scriptoris</strong></span> <span class='ocrx_word' id='word_1_95' title='bbox 1146 1817 1258 1912; x_wconf 74' lang='lat' dir='ltr'><strong>verbis</strong></span> 
     </span>
     <span class='ocr_line' id='line_1_14' title="bbox 219 1929 1257 2018; baseline 0.011 -35"><span class='ocrx_word' id='word_1_96' title='bbox 219 1937 353 2005; x_wconf 78' lang='lat' dir='ltr'><strong>gravem</strong></span> <span class='ocrx_word' id='word_1_97' title='bbox 381 1929 582 1991; x_wconf 83' lang='lat' dir='ltr'><strong>sententiam·</strong></span> <span class='ocrx_word' id='word_1_98' title='bbox 605 1930 865 2018; x_wconf 76' lang='lat' dir='ltr'><strong>exprimentibus</strong></span> <span class='ocrx_word' id='word_1_99' title='bbox 888 1934 1086 2002; x_wconf 76' lang='lat' dir='ltr'><strong>mutationis</strong></span> <span class='ocrx_word' id='word_1_100' title='bbox 1106 1931 1257 2018; x_wconf 80' lang='lat' dir='ltr'><strong>&#39;artificio</strong></span> 
     </span>
     <span class='ocr_line' id='line_1_15' title="bbox 220 2033 1258 2136; baseline 0.01 -42"><span class='ocrx_word' id='word_1_101' title='bbox 220 2033 343 2099; x_wconf 85' lang='lat' dir='ltr'><strong>tribuit</strong></span> <span class='ocrx_word' id='word_1_102' title='bbox 363 2038 639 2136; x_wconf 78' lang='lat' dir='ltr'><strong>significationem</strong></span> <span class='ocrx_word' id='word_1_103' title='bbox 659 2043 761 2107; x_wconf 83' lang='lat' dir='ltr'><strong>vilem</strong></span> <span class='ocrx_word' id='word_1_104' title='bbox 783 2043 1076 2130; x_wconf 74' lang='lat' dir='ltr'><strong>atque&#39;rislgarem</strong></span> <span class='ocrx_word' id='word_1_105' title='bbox 1097 2041 1147 2122; x_wconf 84' lang='lat' dir='ltr'><strong>(id</strong></span> <span class='ocrx_word' id='word_1_106' title='bbox 1168 2038 1258 2125; x_wconf 87' lang='lat' dir='ltr'><strong>quod</strong></span> 
     </span>
    </p>
   </div>
   <div class='ocr_carea' id='block_1_10' title="bbox 220 2143 1364 2234">
    <p class='ocr_par' dir='ltr' id='par_1_10' title="bbox 220 2143 1364 2234">
     <span class='ocr_line' id='line_1_16' title="bbox 220 2143 1364 2234; baseline 0.003 -27"><span class='ocrx_word' id='word_1_107' title='bbox 220 2145 260 2208; x_wconf 88' lang='lat' dir='ltr'><strong>fit</strong></span> <span class='ocrx_word' id='word_1_108' title='bbox 279 2147 474 2233; x_wconf 87' lang='lat' dir='ltr'><strong>plerumque</strong></span> <span class='ocrx_word' id='word_1_109' title='bbox 495 2152 531 2212; x_wconf 89' lang='lat' dir='ltr'><strong>in</strong></span> <span class='ocrx_word' id='word_1_110' title='bbox 552 2149 735 2234; x_wconf 77' lang='lat' dir='ltr'><strong>parodia)&#39;=</strong></span> <span class='ocrx_word' id='word_1_111' title='bbox 772 2143 920 2214; x_wconf 82' lang='lat' dir='ltr'><strong>maxima</strong></span> <span class='ocrx_word' id='word_1_112' title='bbox 941 2152 1036 2230; x_wconf 88' lang='lat' dir='ltr'><strong>hujus</strong></span> <span class='ocrx_word' id='word_1_113' title='bbox 1057 2153 1108 2214; x_wconf 89' lang='lat' dir='ltr'><strong>rei</strong></span> <span class='ocrx_word' id='word_1_114' title='bbox 1129 2153 1257 2215; x_wconf 84' lang='lat' dir='ltr'><strong>comica</strong></span> <span class='ocrx_word' id='word_1_115' title='bbox 1360 2188 1364 2211; x_wconf 83' lang='lat'><strong>.</strong></span> 
     </span>
    </p>
   </div>
   <div class='ocr_carea' id='block_1_11' title="bbox 197 2255 1258 3185">
    <p class='ocr_par' dir='ltr' id='par_1_11' title="bbox 197 2255 1258 3184">
     <span class='ocr_line' id='line_1_17' title="bbox 219 2255 1258 2347; baseline 0.002 -27"><span class='ocrx_word' id='word_1_116' title='bbox 219 2256 271 2320; x_wconf 86' lang='lat' dir='ltr'><strong>vis</strong></span> <span class='ocrx_word' id='word_1_117' title='bbox 292 2265 350 2322; x_wconf 87' lang='lat' dir='ltr'><strong>est.</strong></span> <span class='ocrx_word' id='word_1_118' title='bbox 416 2260 508 2342; x_wconf 77' lang='lat' dir='ltr'><strong>Quae</strong></span> <span class='ocrx_word' id='word_1_119' title='bbox 528 2283 604 2326; x_wconf 89' lang='lat' dir='ltr'><strong>cum</strong></span> <span class='ocrx_word' id='word_1_120' title='bbox 624 2272 722 2347; x_wconf 81' lang='lat' dir='ltr'><strong>&#39;saepe</strong></span> <span class='ocrx_word' id='word_1_121' title='bbox 746 2255 956 2328; x_wconf 84' lang='lat' dir='ltr'><strong>contineatur</strong></span> <span class='ocrx_word' id='word_1_122' title='bbox 976 2262 1022 2322; x_wconf 82' lang='lat' dir='ltr'><strong>in·</strong></span> <span class='ocrx_word' id='word_1_123' title='bbox 1034 2277 1146 2324; x_wconf 86' lang='lat' dir='ltr'><strong>rernm</strong></span> <span class='ocrx_word' id='word_1_124' title='bbox 1167 2262 1258 2324; x_wconf 84' lang='lat' dir='ltr'><strong>inter</strong></span> 
     </span>
     <span class='ocr_line' id='line_1_18' title="bbox 220 2450 1257 2538; baseline -0.002 -28"><span class='ocrx_word' id='word_1_125' title='bbox 220 2503 223 2510; x_wconf 88' lang='lat'><strong>.</strong></span> <span class='ocrx_word' id='word_1_126' title='bbox 254 2454 283 2520; x_wconf 90' lang='lat' dir='ltr'><strong>l)</strong></span> <span class='ocrx_word' id='word_1_127' title='bbox 306 2454 402 2512; x_wconf 79' lang='lat' dir='ltr'><strong>Quint.</strong></span> <span class='ocrx_word' id='word_1_128' title='bbox 421 2458 473 2514; x_wconf 84' lang='lat' dir='ltr'><strong>vl.</strong></span> <span class='ocrx_word' id='word_1_129' title='bbox 493 2461 518 2513; x_wconf 79' lang='lat'><strong>3.</strong></span> <span class='ocrx_word' id='word_1_130' title='bbox 537 2460 579 2516; x_wconf 87' lang='grc'><strong>97.</strong></span> <span class='ocrx_word' id='word_1_131' title='bbox 610 2475 675 2516; x_wconf 66' lang='lat' dir='ltr'><strong>’sen</strong></span> <span class='ocrx_word' id='word_1_132' title='bbox 692 2455 790 2516; x_wconf 75' lang='lat' dir='ltr'><strong>serbis</strong></span> <span class='ocrx_word' id='word_1_133' title='bbox 809 2473 848 2510; x_wconf 87' lang='lat' dir='ltr'><strong>ex</strong></span> <span class='ocrx_word' id='word_1_134' title='bbox 865 2463 946 2525; x_wconf 89' lang='lat' dir='ltr'><strong>parte</strong></span> <span class='ocrx_word' id='word_1_135' title='bbox 963 2450 1096 2521; x_wconf 83' lang='lat' dir='ltr'><strong>mutatis,</strong></span> <span class='ocrx_word' id='word_1_136' title='bbox 1123 2469 1175 2538; x_wconf 79' lang='lat' dir='ltr'><strong>seu</strong></span> <span class='ocrx_word' id='word_1_137' title='bbox 1192 2454 1257 2510; x_wconf 87' lang='lat' dir='ltr'><strong>ficti</strong></span> 
     </span>
     <span class='ocr_line' id='line_1_19' title="bbox 305 2545 1256 2626; baseline 0 -22"><span class='ocrx_word' id='word_1_138' title='bbox 305 2549 381 2604; x_wconf 84' lang='lat' dir='ltr'><strong>notis</strong></span> <span class='ocrx_word' id='word_1_139' title='bbox 398 2551 531 2606; x_wconf 78' lang='lat' dir='ltr'><strong>versibus</strong></span> <span class='ocrx_word' id='word_1_140' title='bbox 549 2553 678 2623; x_wconf 86' lang='lat' dir='ltr'><strong>similes,</strong></span> <span class='ocrx_word' id='word_1_141' title='bbox 704 2569 777 2626; x_wconf 88' lang='lat' dir='ltr'><strong>quae</strong></span> <span class='ocrx_word' id='word_1_142' title='bbox 793 2545 918 2620; x_wconf 77' lang='grc' dir='ltr'><strong><em>παρῳδία</em></strong></span> <span class='ocrx_word' id='word_1_143' title='bbox 935 2547 1065 2602; x_wconf 86' lang='lat' dir='ltr'><strong>dieitur.‹</strong></span> <span class='ocrx_word' id='word_1_144' title='bbox 1103 2548 1148 2603; x_wconf 87' lang='lat' dir='ltr'><strong>lta</strong></span> <span class='ocrx_word' id='word_1_145' title='bbox 1166 2556 1256 2604; x_wconf 87' lang='lat' dir='ltr'><strong>statu·</strong></span> 
     </span>
     <span class='ocr_line' id='line_1_20' title="bbox 305 2641 1255 2715; baseline -0.001 -17"><span class='ocrx_word' id='word_1_146' title='bbox 305 2654 357 2699; x_wconf 90' lang='lat' dir='ltr'><strong>unt</strong></span> <span class='ocrx_word' id='word_1_147' title='bbox 384 2643 469 2702; x_wconf 88' lang='lat' dir='ltr'><strong>etiam</strong></span> <span class='ocrx_word' id='word_1_148' title='bbox 494 2646 616 2703; x_wconf 81' lang='lat' dir='ltr'><strong>Casaub.</strong></span> <span class='ocrx_word' id='word_1_149' title='bbox 635 2650 722 2704; x_wconf 85' lang='lat' dir='ltr'><strong>Poes.</strong></span> <span class='ocrx_word' id='word_1_150' title='bbox 741 2646 802 2706; x_wconf 84' lang='lat' dir='ltr'><strong>Sat.</strong></span> <span class='ocrx_word' id='word_1_151' title='bbox 830 2663 859 2715; x_wconf 88' lang='lat' dir='ltr'><strong>p.</strong></span> <span class='ocrx_word' id='word_1_152' title='bbox 877 2645 938 2699; x_wconf 79' lang='grc'><strong>207,</strong></span> <span class='ocrx_word' id='word_1_153' title='bbox 964 2643 1064 2700; x_wconf 84' lang='lat' dir='ltr'><strong>Ramb.</strong></span> <span class='ocrx_word' id='word_1_154' title='bbox 1088 2641 1255 2712; x_wconf 83' lang='lat' dir='ltr'><strong>Schweigh.</strong></span> 
     </span>
     <span class='ocr_line' id='line_1_21' title="bbox 197 2720 1257 2812; baseline -0.002 -21"><span class='ocrx_word' id='word_1_155' title='bbox 197 2727 202 2740; x_wconf 67' lang='lat'><strong>¹</strong></span> <span class='ocrx_word' id='word_1_156' title='bbox 237 2788 240 2794; x_wconf 91' lang='grc'><strong>,</strong></span> <span class='ocrx_word' id='word_1_157' title='bbox 284 2720 340 2792; x_wconf 64' lang='grc' dir='ltr'><strong>ἰὰ</strong></span> <span class='ocrx_word' id='word_1_158' title='bbox 358 2738 461 2798; x_wconf 79' lang='lat' dir='ltr'><strong>Athen,</strong></span> <span class='ocrx_word' id='word_1_159' title='bbox 480 2741 547 2796; x_wconf 86' lang='lat' dir='ltr'><strong>XV.</strong></span> <span class='ocrx_word' id='word_1_160' title='bbox 566 2743 665 2812; x_wconf 73' lang='lat' dir='ltr'><strong>pote.</strong></span> <span class='ocrx_word' id='word_1_161' title='bbox 679 2743 714 2796; x_wconf 88' lang='lat' dir='ltr'><strong>B.</strong></span> <span class='ocrx_word' id='word_1_162' title='bbox 746 2738 862 2794; x_wconf 75' lang='lat' dir='ltr'><strong>Fabiis.</strong></span> <span class='ocrx_word' id='word_1_163' title='bbox 874 2737 909 2791; x_wconf 91' lang='lat' dir='ltr'><strong>B.</strong></span> <span class='ocrx_word' id='word_1_164' title='bbox 924 2736 975 2791; x_wconf 88' lang='lat' dir='ltr'><strong>Gr.</strong></span> <span class='ocrx_word' id='word_1_165' title='bbox 992 2735 1015 2792; x_wconf 93' lang='lat'><strong>1.</strong></span> <span class='ocrx_word' id='word_1_166' title='bbox 1035 2739 1133 2808; x_wconf 72' lang='lat' dir='ltr'><strong>poso.</strong></span> <span class='ocrx_word' id='word_1_167' title='bbox 1159 2737 1257 2795; x_wconf 82' lang='lat' dir='ltr'><strong>Herm.</strong></span> 
     </span>
     <span class='ocr_line' id='line_1_22' title="bbox 306 2828 1258 2920; baseline 0.001 -35"><span class='ocrx_word' id='word_1_168' title='bbox 306 2831 343 2885; x_wconf 85' lang='lat' dir='ltr'><strong>ad</strong></span> <span class='ocrx_word' id='word_1_169' title='bbox 367 2833 488 2889; x_wconf 80' lang='lat' dir='ltr'><strong>Aristot.</strong></span> <span class='ocrx_word' id='word_1_170' title='bbox 507 2834 589 2888; x_wconf 88' lang='lat' dir='ltr'><strong>Poet.</strong></span> <span class='ocrx_word' id='word_1_171' title='bbox 617 2833 654 2889; x_wconf 89' lang='lat'><strong>11.</strong></span> <span class='ocrx_word' id='word_1_172' title='bbox 672 2834 698 2889; x_wconf 88' lang='grc'><strong>5.</strong></span> <span class='ocrx_word' id='word_1_173' title='bbox 717 2865 750 2879; x_wconf 83' lang='lat'><strong>-—</strong></span> <span class='ocrx_word' id='word_1_174' title='bbox 800 2831 849 2888; x_wconf 86' lang='lat' dir='ltr'><strong>De</strong></span> <span class='ocrx_word' id='word_1_175' title='bbox 872 2828 984 2900; x_wconf 84' lang='lat' dir='ltr'><strong>origine</strong></span> <span class='ocrx_word' id='word_1_176' title='bbox 1009 2829 1146 2920; x_wconf 76' lang='lat' dir='ltr'><strong>perediae</strong></span> <span class='ocrx_word' id='word_1_177' title='bbox 1171 2829 1258 2886; x_wconf 85' lang='lat' dir='ltr'><strong>aliter</strong></span> 
     </span>
     <span class='ocr_line' id='line_1_23' title="bbox 308 2921 1257 2998; baseline 0.001 -18"><span class='ocrx_word' id='word_1_178' title='bbox 308 2925 459 2982; x_wconf 83' lang='lat' dir='ltr'><strong>sentiunt·</strong></span> <span class='ocrx_word' id='word_1_179' title='bbox 496 2926 605 2998; x_wconf 82' lang='lat' dir='ltr'><strong>Scalig.</strong></span> <span class='ocrx_word' id='word_1_180' title='bbox 623 2929 706 2984; x_wconf 89' lang='lat' dir='ltr'><strong>Poet.</strong></span> <span class='ocrx_word' id='word_1_181' title='bbox 724 2927 748 2982; x_wconf 93' lang='lat' dir='ltr'>I</span> <span class='ocrx_word' id='word_1_182' title='bbox 774 2927 857 2982; x_wconf 78' lang='grc' dir='ltr'><strong>ο,,42</strong></span> <span class='ocrx_word' id='word_1_183' title='bbox 909 2921 1027 2979; x_wconf 82' lang='lat' dir='ltr'><strong>Saiiier.</strong></span> <span class='ocrx_word' id='word_1_184' title='bbox 1045 2921 1185 2979; x_wconf 85' lang='lat' dir='ltr'><strong>Discoors</strong></span> <span class='ocrx_word' id='word_1_185' title='bbox 1203 2932 1257 2982; x_wconf 87' lang='lat' dir='ltr'><strong>etc.</strong></span> 
     </span>
     <span class='ocr_line' id='line_1_24' title="bbox 306 3015 1255 3111; baseline 0.001 -38"><span class='ocrx_word' id='word_1_186' title='bbox 306 3021 404 3090; x_wconf 61' lang='lat' dir='ltr'><strong>patin.</strong></span> <span class='ocrx_word' id='word_1_187' title='bbox 440 3020 540 3074; x_wconf 84' lang='lat' dir='ltr'><strong>Ramb.</strong></span> <span class='ocrx_word' id='word_1_188' title='bbox 554 3021 589 3075; x_wconf 83' lang='lat' dir='ltr'><strong>ed</strong></span> <span class='ocrx_word' id='word_1_189' title='bbox 603 3021 722 3075; x_wconf 79' lang='lat' dir='ltr'><strong>casaub.</strong></span> <span class='ocrx_word' id='word_1_190' title='bbox 740 3021 838 3092; x_wconf 78' lang='lat' dir='ltr'><strong>p..2⁰7</strong></span> <span class='ocrx_word' id='word_1_191' title='bbox 874 3017 990 3086; x_wconf 84' lang='lat' dir='ltr'><strong>Flbgel.</strong></span> <span class='ocrx_word' id='word_1_192' title='bbox 1008 3015 1033 3070; x_wconf 93' lang='lat'><strong>1.</strong></span> <span class='ocrx_word' id='word_1_193' title='bbox 1051 3018 1255 3111; x_wconf 69' lang='lat' dir='ltr'><strong>postetam.</strong></span> 
     </span>
     <span class='ocr_line' id='line_1_25' title="bbox 307 3109 1255 3185; baseline -0.002 -17"><span class='ocrx_word' id='word_1_194' title='bbox 307 3110 347 3168; x_wconf 81' lang='lat' dir='ltr'><strong>iii</strong></span> <span class='ocrx_word' id='word_1_195' title='bbox 371 3109 444 3166; x_wconf 88' lang='lat' dir='ltr'><strong>enim</strong></span> <span class='ocrx_word' id='word_1_196' title='bbox 460 3121 620 3185; x_wconf 82' lang='lat' dir='ltr'><strong>statuunt,</strong></span> <span class='ocrx_word' id='word_1_197' title='bbox 647 3111 809 3184; x_wconf 82' lang='lat' dir='ltr'><strong>perediam</strong></span> <span class='ocrx_word' id='word_1_198' title='bbox 834 3127 866 3166; x_wconf 89' lang='lat' dir='ltr'><strong>e</strong></span> <span class='ocrx_word' id='word_1_199' title='bbox 877 3109 1033 3181; x_wconf 82' lang='lat' dir='ltr'><strong>rhapsodia</strong></span> <span class='ocrx_word' id='word_1_200' title='bbox 1057 3118 1149 3166; x_wconf 86' lang='lat' dir='ltr'><strong>natam</strong></span> <span class='ocrx_word' id='word_1_201' title='bbox 1173 3128 1255 3178; x_wconf 86' lang='lat' dir='ltr'><strong>esse,</strong></span> 
     </span>
    </p>
   </div>
   <div class='ocr_carea' id='block_1_12' title="bbox 276 3204 1257 4032">
    <p class='ocr_par' dir='ltr' id='par_1_12' title="bbox 304 3204 1257 3846">
     <span class='ocr_line' id='line_1_26' title="bbox 306 3204 1257 3279; baseline -0.003 -17"><span class='ocrx_word' id='word_1_202' title='bbox 306 3206 466 3279; x_wconf 78' lang='lat' dir='ltr'><strong>rhapsodoa</strong></span> <span class='ocrx_word' id='word_1_203' title='bbox 489 3206 572 3263; x_wconf 87' lang='lat' dir='ltr'><strong>finita</strong></span> <span class='ocrx_word' id='word_1_204' title='bbox 592 3207 711 3264; x_wconf 83' lang='lat' dir='ltr'><strong>Homeri</strong></span> <span class='ocrx_word' id='word_1_205' title='bbox 739 3204 909 3262; x_wconf 81' lang='lat' dir='ltr'><strong>recitatione</strong></span> <span class='ocrx_word' id='word_1_206' title='bbox 932 3205 1011 3258; x_wconf 87' lang='lat' dir='ltr'><strong>lusus</strong></span> <span class='ocrx_word' id='word_1_207' title='bbox 1037 3204 1132 3274; x_wconf 81' lang='lat' dir='ltr'><strong>gratia</strong></span> <span class='ocrx_word' id='word_1_208' title='bbox 1155 3204 1257 3277; x_wconf 88' lang='lat' dir='ltr'><strong>prodi-</strong></span> 
     </span>
     <span class='ocr_line' id='line_1_27' title="bbox 306 3295 1256 3372; baseline -0.005 -16"><span class='ocrx_word' id='word_1_209' title='bbox 306 3300 385 3368; x_wconf 86' lang='lat' dir='ltr'><strong>isse,</strong></span> <span class='ocrx_word' id='word_1_210' title='bbox 421 3302 472 3360; x_wconf 82' lang='lat' dir='ltr'><strong>uui</strong></span> <span class='ocrx_word' id='word_1_211' title='bbox 490 3300 525 3356; x_wconf 87' lang='lat' dir='ltr'><strong>ad</strong></span> <span class='ocrx_word' id='word_1_212' title='bbox 543 3300 629 3356; x_wconf 88' lang='lat' dir='ltr'><strong>animi</strong></span> <span class='ocrx_word' id='word_1_213' title='bbox 647 3300 843 3356; x_wconf 88' lang='lat' dir='ltr'><strong>remissionem</strong></span> <span class='ocrx_word' id='word_1_214' title='bbox 861 3295 953 3352; x_wconf 84' lang='lat' dir='ltr'><strong>omnia</strong></span> <span class='ocrx_word' id='word_1_215' title='bbox 970 3297 1025 3351; x_wconf 88' lang='lat' dir='ltr'><strong>ilia</strong></span> <span class='ocrx_word' id='word_1_216' title='bbox 1042 3298 1142 3372; x_wconf 87' lang='lat' dir='ltr'><strong>priora</strong></span> <span class='ocrx_word' id='word_1_217' title='bbox 1159 3297 1256 3354; x_wconf 59' lang='lat' dir='ltr'><strong>iuvere</strong></span> 
     </span>
     <span class='ocr_line' id='line_1_28' title="bbox 305 3381 1256 3467; baseline 0.002 -18"><span class='ocrx_word' id='word_1_218' title='bbox 305 3403 408 3451; x_wconf 88' lang='lat' dir='ltr'><strong>terent.</strong></span> <span class='ocrx_word' id='word_1_219' title='bbox 461 3397 500 3452; x_wconf 77' lang='lat' dir='ltr'><strong>At</strong></span> <span class='ocrx_word' id='word_1_220' title='bbox 524 3413 617 3464; x_wconf 88' lang='lat' dir='ltr'><strong>neque</strong></span> <span class='ocrx_word' id='word_1_221' title='bbox 640 3396 731 3451; x_wconf 87' lang='lat' dir='ltr'><strong>ullum</strong></span> <span class='ocrx_word' id='word_1_222' title='bbox 756 3393 946 3451; x_wconf 86' lang='lat' dir='ltr'><strong>testimonium</strong></span> <span class='ocrx_word' id='word_1_223' title='bbox 977 3381 1021 3450; x_wconf 76' lang='lat' dir='ltr'><strong>est</strong></span> <span class='ocrx_word' id='word_1_224' title='bbox 1047 3396 1121 3467; x_wconf 89' lang='lat' dir='ltr'><strong>apud</strong></span> <span class='ocrx_word' id='word_1_225' title='bbox 1143 3407 1256 3452; x_wconf 79' lang='lat' dir='ltr'><strong>veteres</strong></span> 
     </span>
     <span class='ocr_line' id='line_1_29' title="bbox 307 3488 1257 3562; baseline 0.002 -19"><span class='ocrx_word' id='word_1_226' title='bbox 307 3488 480 3560; x_wconf 82' lang='lat' dir='ltr'><strong>scriptores,</strong></span> <span class='ocrx_word' id='word_1_227' title='bbox 517 3488 592 3557; x_wconf 90' lang='lat' dir='ltr'><strong>quod</strong></span> <span class='ocrx_word' id='word_1_228' title='bbox 619 3497 685 3562; x_wconf 89' lang='lat' dir='ltr'><strong>post</strong></span> <span class='ocrx_word' id='word_1_229' title='bbox 715 3489 835 3542; x_wconf 86' lang='lat' dir='ltr'><strong>recitato</strong></span> <span class='ocrx_word' id='word_1_230' title='bbox 865 3488 964 3556; x_wconf 80' lang='lat' dir='ltr'><strong>gravia</strong></span> <span class='ocrx_word' id='word_1_231' title='bbox 989 3488 1106 3542; x_wconf 85' lang='lat' dir='ltr'><strong>Homeri</strong></span> <span class='ocrx_word' id='word_1_232' title='bbox 1133 3489 1257 3545; x_wconf 79' lang='lat' dir='ltr'><strong>carmina</strong></span> 
     </span>
     <span class='ocr_line' id='line_1_30' title="bbox 304 3561 1255 3655; baseline 0.001 -19"><span class='ocrx_word' id='word_1_233' title='bbox 304 3582 436 3655; x_wconf 81' lang='lat' dir='ltr'><strong>perediae</strong></span> <span class='ocrx_word' id='word_1_234' title='bbox 454 3599 519 3636; x_wconf 83' lang='lat' dir='ltr'><strong>esse</strong></span> <span class='ocrx_word' id='word_1_235' title='bbox 534 3581 707 3654; x_wconf 72' lang='lat' dir='ltr'><strong>compositas</strong></span> <span class='ocrx_word' id='word_1_236' title='bbox 725 3581 889 3650; x_wconf 82' lang='lat' dir='ltr'><strong>confirmet,</strong></span> <span class='ocrx_word' id='word_1_237' title='bbox 913 3599 984 3647; x_wconf 85' lang='lat' dir='ltr'><strong>nee,</strong></span> <span class='ocrx_word' id='word_1_238' title='bbox 1003 3582 1030 3635; x_wconf 91' lang='lat' dir='ltr'><strong>si</strong></span> <span class='ocrx_word' id='word_1_239' title='bbox 1049 3561 1143 3650; x_wconf 74' lang='lat' dir='ltr'><strong>esset,</strong></span> <span class='ocrx_word' id='word_1_240' title='bbox 1170 3581 1255 3651; x_wconf 88' lang='lat' dir='ltr'><strong>quid·</strong></span> 
     </span>
     <span class='ocr_line' id='line_1_31' title="bbox 305 3675 1255 3746; baseline -0.001 -16"><span class='ocrx_word' id='word_1_241' title='bbox 305 3693 387 3746; x_wconf 87' lang='lat' dir='ltr'><strong>quam</strong></span> <span class='ocrx_word' id='word_1_242' title='bbox 406 3675 472 3731; x_wconf 90' lang='lat' dir='ltr'><strong>inde</strong></span> <span class='ocrx_word' id='word_1_243' title='bbox 493 3677 677 3732; x_wconf 85' lang='lat' dir='ltr'><strong>lucraremur.</strong></span> <span class='ocrx_word' id='word_1_244' title='bbox 714 3678 759 3732; x_wconf 80' lang='lat' dir='ltr'><strong>Ab</strong></span> <span class='ocrx_word' id='word_1_245' title='bbox 778 3678 830 3730; x_wconf 86' lang='lat' dir='ltr'><strong>boc</strong></span> <span class='ocrx_word' id='word_1_246' title='bbox 849 3675 924 3729; x_wconf 88' lang='lat' dir='ltr'><strong>enim</strong></span> <span class='ocrx_word' id='word_1_247' title='bbox 943 3693 975 3730; x_wconf 90' lang='lat' dir='ltr'><strong>re</strong></span> <span class='ocrx_word' id='word_1_248' title='bbox 992 3687 1024 3731; x_wconf 88' lang='lat' dir='ltr'><strong>ut</strong></span> <span class='ocrx_word' id='word_1_249' title='bbox 1041 3675 1170 3731; x_wconf 80' lang='lat' dir='ltr'><strong>certandi</strong></span> <span class='ocrx_word' id='word_1_250' title='bbox 1188 3691 1255 3746; x_wconf 85' lang='lat' dir='ltr'><strong>par·</strong></span> 
     </span>
     <span class='ocr_line' id='line_1_32' title="bbox 306 3763 1255 3846; baseline -0.003 -20"><span class='ocrx_word' id='word_1_251' title='bbox 306 3770 383 3826; x_wconf 90' lang='lat' dir='ltr'><strong>odiis</strong></span> <span class='ocrx_word' id='word_1_252' title='bbox 407 3785 469 3828; x_wconf 84' lang='lat' dir='ltr'><strong>mos</strong></span> <span class='ocrx_word' id='word_1_253' title='bbox 494 3771 634 3842; x_wconf 81' lang='lat' dir='ltr'><strong>originem</strong></span> <span class='ocrx_word' id='word_1_254' title='bbox 658 3773 764 3830; x_wconf 82' lang='lat' dir='ltr'><strong>ducere</strong></span> <span class='ocrx_word' id='word_1_255' title='bbox 790 3763 902 3846; x_wconf 86' lang='lat' dir='ltr'><strong>potnit,</strong></span> <span class='ocrx_word' id='word_1_256' title='bbox 937 3767 977 3826; x_wconf 88' lang='lat' dir='ltr'><strong>ita</strong></span> <span class='ocrx_word' id='word_1_257' title='bbox 1004 3767 1117 3824; x_wconf 82' lang='lat' dir='ltr'><strong>minime</strong></span> <span class='ocrx_word' id='word_1_258' title='bbox 1141 3768 1255 3823; x_wconf 78' lang='lat' dir='ltr'><strong>omnino</strong></span> 
     </span>
    </p>

    <p class='ocr_par' dir='ltr' id='par_1_13' title="bbox 276 3861 1255 4032">
     <span class='ocr_line' id='line_1_33' title="bbox 276 3861 1255 3939; baseline -0.002 -19"><span class='ocrx_word' id='word_1_259' title='bbox 276 3861 282 3874; x_wconf 92' lang='lat'>&#39;</span> <span class='ocrx_word' id='word_1_260' title='bbox 303 3863 456 3938; x_wconf 82' lang='lat' dir='ltr'><strong>perediae,</strong></span> <span class='ocrx_word' id='word_1_261' title='bbox 481 3864 589 3939; x_wconf 84' lang='lat' dir='ltr'><strong>quippe</strong></span> <span class='ocrx_word' id='word_1_262' title='bbox 607 3883 678 3936; x_wconf 87' lang='lat' dir='ltr'><strong>quas</strong></span> <span class='ocrx_word' id='word_1_263' title='bbox 696 3868 800 3924; x_wconf 84' lang='lat' dir='ltr'><strong>dudum</strong></span> <span class='ocrx_word' id='word_1_264' title='bbox 817 3863 968 3922; x_wconf 85' lang='lat' dir='ltr'><strong>exstitisse</strong></span> <span class='ocrx_word' id='word_1_265' title='bbox 985 3872 1133 3938; x_wconf 85' lang='lat' dir='ltr'><strong>oporteat,</strong></span> <span class='ocrx_word' id='word_1_266' title='bbox 1156 3862 1255 3934; x_wconf 83' lang='lat' dir='ltr'><strong>prius·</strong></span> 
     </span>
     <span class='ocr_line' id='line_1_34' title="bbox 307 3944 746 4032; baseline 0.011 -19"><span class='ocrx_word' id='word_1_267' title='bbox 307 3969 390 4027; x_wconf 81' lang='lat' dir='ltr'><strong>quam</strong></span> <span class='ocrx_word' id='word_1_268' title='bbox 406 3957 455 4016; x_wconf 87' lang='lat' dir='ltr'><strong>bic</strong></span> <span class='ocrx_word' id='word_1_269' title='bbox 472 3973 533 4016; x_wconf 80' lang='lat' dir='ltr'><strong>moa</strong></span> <span class='ocrx_word' id='word_1_270' title='bbox 550 3944 645 4032; x_wconf 80' lang='lat' dir='ltr'><strong>potuit</strong></span> <span class='ocrx_word' id='word_1_271' title='bbox 661 3960 746 4018; x_wconf 85' lang='lat' dir='ltr'><strong>oriri.</strong></span> 
     </span>
    </p>
   </div>
   <div class='ocr_carea' id='block_1_13' title="bbox 0 0 1372 4610">
    <p class='ocr_par' dir='ltr' id='par_1_14' title="bbox 0 0 1372 4610">
     <span class='ocr_line' id='line_1_35' title="bbox 0 0 1372 4610; baseline 0 1"><span class='ocrx_word' id='word_1_272' title='bbox 0 0 1372 4610; x_wconf 95' lang='lat' dir='ltr'><strong> </strong></span> 
     </span>
    </p>
   </div>
  </div>
 </body>
</html>
