2736 4610
227 347 253 426 4

230 553 387 628 quantum
401 543 519 622 sciam,
542 562 637 605 nemo
652 540 830 625 parodicae
845 538 1048 602 Graecorum
1068 537 1162 622 poesi
1183 555 1260 620 ope-

230 675 300 717 ram
318 652 425 731 dedit,
454 654 519 714 nisi
539 650 732 714 Musaeus
750 650 877 714 duobus
899 662 932 715 et
953 653 1023 734 ipse
1045 647 1158 727 libris,
1186 669 1261 711 cum

146 751 150 756 ’
229 761 475 849 Programmate
502 758 603 820 schol.
630 757 770 821 Ulmano
802 765 885 826 1819
916 757 1027 840 edito,
1072 779 1137 841 quo
1165 777 1261 841 paro-

230 869 319 948 dias,
366 889 448 952 quae
470 869 684 936 inveniuntur
705 867 791 952 apud
813 868 1004 950 Aristoph.,
1036 868 1202 930 Plutarch.
1227 876 1261 931 et

229 981 366 1040 Lucian.
383 971 533 1062 collegit,
556 984 626 1036 tum
648 973 881 1038 dissertatione
905 976 963 1039 »de
986 976 1143 1060 parodica
1158 976 1261 1039 Grae-

230 1108 343 1149 corum
366 1086 499 1169 poesi«,
539 1085 663 1146 inserta
684 1105 723 1147 ea
744 1085 820 1176 Vol.
833 1085 891 1149 VI.
914 1085 1109 1149 Studiorum
1132 1108 1151 1148 a
1172 1087 1260 1148 Dau-

229 1194 284 1286 bl⁰
308 1204 341 1258 et
363 1193 528 1256 Creusero
550 1190 716 1255 editorum
742 1215 773 1277 p.
796 1199 992 1262 257-330.
1057 1196 1118 1274 At,
1148 1205 1186 1258 ut
1205 1216 1262 1260 ve·

211 1324 303 1392 ⁴rum
334 1305 460 1378 fatear,
502 1321 619 1382 parum
641 1300 825 1390 diligenter
850 1300 985 1366 videtur
1014 1305 1042 1365 is
1072 1323 1142 1364 rem
1169 1301 1263 1366 suam

228 1411 428 1474 tractavisse.
473 1409 653 1492 Itapatet,
680 1408 835 1472 subsidiis
858 1412 995 1472 nonita
1014 1412 1127 1474 multis
1148 1409 1261 1490 adjuto
1358 1383 1362 1411 ¹

156 1559 158 1566 ·
229 1519 422 1604 opusculum
442 1520 543 1578 fuisse
564 1517 831 1603 aggrediendum.

297 1621 424 1704 Restat,
456 1634 494 1685 ut
515 1644 681 1702 moneam,
707 1619 794 1706 solas
815 1625 1010 1690 Homericae
1031 1630 1084 1692 m'e
1104 1637 1262 1692 tractasse

227 1735 396 1826 parodiae,
425 1753 499 1794 cum
521 1733 597 1814 quia
620 1751 737 1816 magna
759 1735 904 1795 omnium
925 1735 1139 1821 parodiarum
1158 1737 1261 1801 Grae·
1360 1727 1362 1740 ’

108 1891 113 1900 .
228 1866 339 1911 carum
361 1827 437 1929 pars
459 1839 501 1903 ad
522 1819 706 1902 Homerum
728 1837 888 1920 refertur,
917 1851 987 1906 tum
1009 1847 1085 1929 quia
1104 1850 1192 1911 vires
1211 1850 1262 1912 vi·
1288 1901 1290 1906 ,

228 1937 367 2030 debatur
388 1971 562 2034 superare,
596 1969 806 2032 quaecunque
827 1960 903 2013 sunt
924 1953 1010 2037 apud
1032 1965 1158 2019 veteres
1180 1958 1261 2018 scri-

219 2049 339 2151 'ptore's
366 2059 525 2145 parodiae
551 2059 710 2144 uestigia,
743 2061 916 2144 respicere.
980 2059 1131 2151 Namque
1159 2089 1262 2130 unum

226 2161 481 2255 Aristophanem
503 2169 652 2229 attulisse
673 2165 817 2244 sufficit,
840 2153 959 2254 inquo
982 2173 1022 2236 de
1043 2179 1156 2239 multis
1177 2179 1261 2241 locis
1358 2176 1362 2201 ³

226 2285 396 2378 litigatur,
425 2282 533 2342 sintne
554 2271 711 2358 parodice
732 2273 916 2359 compositi.
959 2281 1113 2345 Attamen
1134 2304 1176 2346 ne
1198 2285 1261 2348 hoc
1345 2262 1361 2295 ⁹

228 2390 362 2478 quidem
383 2390 547 2474 pulliceor
567 2393 620 2445 ine
640 2387 850 2488 effecturum,
876 2397 915 2448 ut
935 2409 977 2452 ne
997 2392 1084 2452 ullus
1105 2391 1262 2480 Homeri·

227 2495 284 2564 cae
305 2495 464 2583 parodiae
483 2503 599 2555 auctor
626 2477 721 2552 hac
709 2513 745 2552 in
768 2489 991 2576 disputatione
1012 2505 1261 2608 praetermissus

146 2648 148 2654 -
227 2607 292 2682 sit3
335 2601 392 2668 sed
420 2620 520 2691 agere
549 2605 678 2664 tantum
703 2605 798 2667 volui
831 2602 871 2667 de
903 2598 1093 2693 praecipuis
1125 2610 1261 2696 parodis

228 2721 334 2801 iisque
345 2759 369 2797 ,
400 2715 458 2796 qui
485 2708 623 2802 integris
644 2716 740 2777 libris
761 2715 946 2780 Homerum
967 2723 1144 2798 retulerint
1164 2743 1246 2806 paro

229 2813 311 2896 (lice.
370 2823 573 2908 Quamquam
594 2826 682 2886 enim
705 2845 772 2886 non
792 2828 931 2916 ignoro,
973 2831 1131 2914 parodiae
1153 2834 1263 2897 obiter

229 2944 263 3002 et
292 2944 479 3020 opportuno
508 2935 584 2996 loco
611 2939 812 3019 compositae
845 2941 1003 3019 majorem
1035 2960 1103 3004 esse
1131 2942 1202 3005 vim
1229 2953 1263 3009 et

228 3046 483 3131 jucunditatem,
526 3065 623 3128 quam
646 3053 728 3129 qua'e
727 3035 826 3110 'data
848 3069 950 3133 opera
975 3057 1082 3112 totum
1111 3072 1171 3136 per
1190 3075 1261 3116 car-

166 3210 168 3219 ,
230 3180 305 3222 men
322 3152 529 3233 extenditur,
562 3157 664 3232 malui
687 3165 794 3219 tamen
816 3178 921 3241 pauca
941 3180 1141 3243 proponere,
1165 3185 1262 3246 quam

232 3283 319 3350 quae*
335 3265 512 3350 proposui,
543 3284 610 3326 non
632 3261 711 3329 'satis
733 3270 901 3352 perficere.

1242 3136 1246 3146 ι

1364 3171 1365 3182 l

1270 3413 1273 3420 ’
1364 3401 1365 3444 l

1364 3455 1365 3466 l

1188 3491 1190 3501 ¹
1364 3473 1365 3520 l

1364 3621 1365 3630 ι
