2736 4610
134 321 142 332 ’
232 289 285 372 18

231 493 399 558 nommari
429 501 569 580 usquam
605 501 768 564 comicum
804 509 956 584 poetam,
1000 523 1104 588 neque
1136 504 1267 571 fabulae

227 610 299 690 ejus
320 605 526 686 comoedias,
547 607 606 672 sed
626 609 791 687 dramata,
814 612 902 694 qnod
919 633 1039 678 nomen
1056 615 1093 677 in
1109 612 1265 697 φλύακας

229 739 298 784 uon
318 719 426 782 minus
449 716 555 796 cadit,
592 737 690 799 quam
712 719 748 781 in
769 721 964 784 comoedias.

237 831 404 916 Quae
424 819 454 893 si
474 837 553 893 'vera
573 839 666 909 snut,
688 834 789 894 ‘etiam
808 851 873 916 quo
895 841 1045 915 tempore
1054 833 1187 896 'vixerit
1203 833 1264 898 So·
1353 821 1354 828 ἵ

173 997 175 1004 ,
228 951 335 1026 pater,
358 948 506 1031 apertum
523 946 580 1000 eet.
623 941 743 1004 Athen.
761 946 850 1006 enim
867 943 1069 1026 11.p.71.13.
1087 942 1179 1022 dicit,
1202 943 1266 1008 So·-

228 1063 359 1136 patrum
375 1048 487 1132 Papho
510 1048 617 1110 insula
634 1049 814 1113 oriundum
826 1053 948 1116 vixisse
962 1061 1069 1115 aetate
1082 1051 1265 1116 Alexandri
1354 1031 1355 1074 Ῑ

227 1159 438 1234 Macedonis,
461 1153 598 1220 eundem
621 1166 731 1220 tamen
746 1158 928 1226 Ptolemaei
949 1160 1161 1244 Philadelphi
1181 1173 1263 1250 tem-

227 1287 310 1351 pora
331 1263 490 1351 attigisse.
544 1262 583 1326 ln
606 1285 669 1348 qua
691 1287 729 1330 re
750 1289 791 1331 eo
812 1272 920 1351 major
940 1270 1020 1334 fides
1042 1272 1193 1337 habenda
1214 1282 1265 1336 est

224 1377 414 1454 Athenaeo,
446 1375 546 1459 ·quod
574 1374 678 1463 ipsius
699 1377 834 1462 Sopatri
856 1378 1061 1463 σύγγραμμα
1087 1379 1201 1444 laudat
1221 1380 1267 1444 ad

224 1481 262 1546 id
292 1482 510 1566 probandum.
573 1485 698 1550 Moser.
720 1507 800 1550 vero
822 1489 845 1548 l.
868 1488 890 1550 l.
917 1510 949 1571 p.
962 1498 1038 1558 333.
1060 1490 1143 1554 adeo
1168 1488 1265 1554 dahi-

224 1606 291 1677 tat,
332 1615 412 1657 num
433 1595 590 1678 Sopater,
634 1616 731 1680 quem
752 1595 913 1674 Paphiam
937 1595 1054 1656 Athen.
1079 1598 1265 1662 Alexandri

223 1703 428 1789 temporibus
451 1705 573 1766 vixisse
595 1701 721 1778 tradat,
762 1702 808 1761 sit
828 1697 917 1760 idem
937 1699 1090 1781 paredus.
1155 1707 1201 1767 At
1223 1727 1263 1770 es

223 1813 388 1877 dubitatio
410 1811 558 1883 tollitur,
600 1807 719 1886 Athen.
743 1804 800 1868 111.
824 1826 854 1889 p.
874 1810 945 1873 119.
962 1805 998 1869 A.
1027 1809 1056 1868 si
1075 1812 1261 1894 contuleris

211 1943 299 1987 cum
315 1921 378 1984 tv.
400 1939 432 2005 p.
447 1923 520 1986 175.
533 1913 568 1979 G.
624 1913 663 1976 ln
685 1914 790 1975 altero
812 1913 901 1974 enim
922 1915 997 1976 loco
1019 1915 1130 1978 fabula
1152 1919 1262 1982 tribu·
1357 1985 1358 2006 ,

223 2035 295 2096 itur
314 2030 441 2114 Paphio
463 2023 622 2109 Sopatro,
650 2024 685 2084 in
707 2022 813 2084 altero
836 2019 949 2084 eadam
964 2007 1110 2107 paredo.
1165 2025 1260 2090 Cete-

223 2161 300 2206 rum
320 2139 361 2204 de
382 2135 517 2223 Sopatri
537 2137 607 2198 vita
628 2129 707 2193 satis
729 2127 829 2215 longa
849 2149 910 2215 ago
938 2129 1071 2214 quidam
1092 2134 1180 2197 nihil
1201 2136 1260 2200 ha-

223 2253 285 2317 beo
307 2252 486 2338 cognitum.
531 2244 617 2306 Nam
639 2259 735 2324 quem
755 2237 875 2303 Athen.
899 2232 1008 2304 locum
1032 2241 1103 2323 (vt.
1126 2263 1159 2326 p.
1180 2251 1258 2315 244.

223 2359 272 2440 P.)
294 2359 417 2423 Moser.
440 2341 571 2436 laudat,
612 2367 677 2433 quo
698 2349 799 2410 fuisse
821 2367 895 2410 eum
916 2349 1005 2412 inter
1026 2351 1184 2411 Antiochi
1206 2371 1260 2415 re·

119 2445 121 2450 ,
223 2473 275 2560 gis
296 2471 459 2552 parasitos
488 2466 717 2530 demonstret.
760 2461 796 2522 in
824 2477 864 2519 eo
886 2454 1073 2546 Schweigh.
1101 2469 1135 2523 et
1156 2460 1257 2524 Diod.

222 2598 285 2664 pro
308 2573 497 2654 Σώπατρον
519 2570 680 2635 dederunt
701 2588 741 2631 ex
763 2564 858 2628 codd.
881 2562 1089 2649 Σώστρατον
1103 2569 1155 2652 ¹).
1193 2573 1259 2634 Aa.

223 2687 313 2767 eepit
342 2681 483 2765 Sopater
515 2699 698 2768 cognomen
729 2673 849 2756 φάκιος
871 2683 960 2740 teste
988 2677 1106 2742 Athena
1136 2678 1194 2742 lv.
1224 2700 1256 2763 p.

223 2800 297 2864 138.
317 2793 380 2872 D.,
412 2809 548 2875 prorsus
569 2790 680 2853 manile
702 2791 778 2868 isti,
812 2787 902 2872 qnod
921 2789 998 2877 Heg
977 2793 1108 2853 emani
1130 2792 1257 2874 Thasio

223 2901 366 2968 inditum
388 2921 456 2966 esse
477 2919 576 2984 supra
597 2903 728 2980 monui,
751 2903 791 2964 cl.
814 2923 846 2986 p.
867 2907 920 2970 28.
966 2899 1064 2980 Cujus
1086 2903 1137 2964 rei
1159 2923 1258 2968 cauea

221 3023 426 3096 quamquam
439 3011 547 3096 posita
568 3031 638 3076 ease
658 3021 767 3096 potest
786 3013 841 3076 vel
862 3013 898 3073 in
919 3025 977 3088 eo,
1006 3009 1094 3094 <fund
1115 3008 1258 3097 Sopater

224 3122 421 3203 conscripsit
451 3119 596 3182 fabulam
631 3123 722 3201 φακῆ
757 3122 950 3203 inscriptam
965 3121 1010 3200 ²),
1052 3121 1107 3184 vel
1137 3124 1173 3183 in
1203 3143 1254 3200 eo,

224 3229 331 3314 quod,
370 3236 445 3292 oum
466 3225 626 3292 oriundus
648 3236 732 3291 esset
752 3228 865 3309 Papho
886 3229 1011 3307 insula,
1053 3231 1162 3294 facilia
1183 3239 1255 3294 erat

223 3339 437 3402 commutatio
465 3337 584 3420 Paphii
612 3337 648 3396 in
676 3335 850 3410 Phacium:
893 3344 1002 3402 temen
1036 3357 1167 3413 necesee
1194 3350 1254 3421 est,

221 3457 261 3510 ut
280 3445 432 3526 fatearis,
470 3448 536 3507 nisi
558 3443 645 3529 apud
667 3441 811 3516 Graecos
833 3445 961 3506 eratin
982 3446 1055 3528 ipso
1077 3447 1254 3512 lenticulae

226 3577 344 3586 naun—...n

256 3649 282 3713 1)
305 3646 463 3719 Sostratus,
490 3645 601 3719 legatas
618 3651 652 3706 ad
670 3647 839 3706 Antiochum
857 3663 952 3718 regem
969 3648 1082 3719 missus,
1109 3651 1254 3707 autetiam

243 3769 247 3780 ·
306 3745 381 3815 apud
401 3743 483 3800 Sext.
501 3745 583 3816 Emp.
603 3745 665 3799 stv.
685 3743 775 3799 Meth.
795 3739 819 3795 1.
836 3739 895 3796 276.
913 3743 972 3798 393.

255 3836 284 3900 3)
305 3837 375 3893 Inde
393 3838 512 3912 repetiit
534 3839 656 3895 neminis
681 3841 819 3911 originem
836 3834 1001 3906 Schweigh
1025 3836 1061 3890 ad
1079 3835 1181 3894 sues.
1200 3833 1252 3895 Ν.

305 3918 812 4036 tit.o.etcspetlm.1.l.p.at.
