2736 4610
227 479 413 564 posteriore
432 487 580 560 tempore
600 495 667 541 vox
693 478 847 544 latiorem
872 478 1154 565 significationem·
1167 495 1265 542 acco

227 589 279 670 pit
293 607 379 666 eam,
401 607 466 670 qua
486 589 521 647 in
540 587 731 649 universum
752 595 884 650 notaret
904 607 1037 652 carmen
1058 585 1261 666 irrisorium,

228 705 262 758 et
279 694 367 778 quod
387 715 447 757 nos
466 693 605 756 dicimus
627 695 808 757 satiricum.
851 695 902 758 Ita
923 698 1161 762 intellexerunt
1177 717 1261 772 eam,

228 807 285 888 qui
307 805 347 866 ab
369 805 516 866 Homero
539 801 616 863 inde
637 803 791 864 sillorum
813 803 977 890 originem
999 813 1170 889 repetunt3
1212 806 1263 866 ita

228 923 261 976 et
279 915 401 976 Julian.
424 913 505 994 Imp.
528 910 602 973 VII.
633 931 665 992 p.
689 908 764 976 907.
789 910 1039 993 σιλλογράφον,
1082 915 1139 996 qui
1170 931 1263 1002 mera

178 1011 181 1016 ¹
227 1028 378 1090 convicia
409 1007 592 1104 jaculatur,
620 1039 804 1103 ‚opponens
837 1024 963 1104 ποιητῇ
973 1063 981 1096 ,
1025 1025 1084 1106 qui
1112 1043 1183 1086 rem
1212 1025 1262 1088 ita

226 1142 403 1211 tractaret,
447 1140 486 1192 ut
507 1128 686 1194 delectaret
705 1131 806 1192 etiam
827 1131 981 1219 legentes.
1045 1133 1134 1212 Quin
1161 1151 1265 1218 prosa

224 1247 377 1307 orations
403 1243 529 1324 scripta
555 1239 809 1309 maledictorum
842 1243 940 1326 plena
969 1242 1062 1306 sillos
1091 1244 1263 1306 nominata

225 1374 315 1431 esse,
358 1371 458 1436 snpra
489 1349 601 1418 studui
629 1350 862 1428 demonstrsre,
927 1353 1148 1416 Posteriorem
1167 1353 1262 1432 vocis

224 1479 330 1538 nsum,
348 1474 564 1548 respexerunt
591 1466 702 1526 etiam:
715 1465 766 1543 ii,
797 1483 893 1545 ‘quos
915 1469 1085 1549 propriam
1101 1466 1262 1530 sistorum

225 1579 510 1670 notionem'recte
532 1572 720 1636 definivisse
741 1571 868 1657 negari.
914 1619 919 1630 .
946 1619 950 1629 .

269 1728 272 1738 ,
310 1683 361 1744 De
382 1681 623 1760 compositione
640 1679 915 1742 Timonianorum
936 1678 1090 1740 sillorum
1111 1689 1261 1760 externa,

224 1799 264 1852 nt
284 1791 332 1850 its
353 1785 477 1862 dicam,
501 1782 682 1862 disputavit
702 1783 801 1868 Diog.
823 1785 884 1844 La.
907 1783 963 1846 ῙΧ.
988 1792 1157 1864 12,111.‚
1187 1790 1260 1850 val-

225 1898 329 1980 deque
351 1889 529 1955 dolendum
550 1897 618 1968 est,
656 1909 723 1954 non
744 1890 857 1956 eadem
880 1891 1054 1982 diligentia
1076 1899 1116 1960 ab
1138 1919 1178 1962 eo
1200 1898 1261 1962 do-

223 2007 314 2083 ceri,
352 2023 442 2087 quae
457 1999 635 2086 singularis
656 2007 771 2060 eorum
792 1984 896 2065 fuerit
924 2004 1053 2070 indoles
1081 2015 1181 2091 atquo
1200 2029 1260 2071 na-

170 2126 172 2136 '
225 2126 301 2180 tura
322 2116 464 2178 interna.
509 2107 687 2188 Sillorum,
716 2109 783 2187 ait,
810 2119 877 2176 tres
897 2115 978 2178 libri
1000 2127 1095 2180 crant
1110 2119 1164 2200 1),
1178 2137 1260 2206 quo.

223 2245 299 2287 rum
327 2224 454 2305 primus
485 2218 601 2282 habuit
630 2203 871 2296 αὐτοδιήγητον
898 2220 959 2294 τὴν
989 2223 1188 2306 ἑρμηνείαν,Ε
1226 2239 1261 2292 οι

224 2327 484 2418 μονοπρόςωπον
502 2325 564 2400 την
583 2323 726 2398 ποίησιν.
788 2329 883 2394 Haeo
906 2333 1009 2394 verba
1036 2337 1084 2396 ita
1111 2355 1182 2398 esse
1208 2338 1261 2398 in-

225 2441 422 2530 telligenda,
464 2449 505 2501 ut
531 2439 653 2502 Timon
681 2440 718 2498 in
745 2443 856 2522 primo
882 2441 972 2502 libro
1000 2459 1041 2503 ex
1068 2446 1259 2528 suaipsius

224 2570 371 2637 persona
397 2550 512 2610 ‘omnia
540 2546 717 2628 protulisse
746 2549 905 2610 continua
933 2536 1085 2616 oratione
1112 2552 1259 2635 dicatur,

225 2682 266 2724 ex
287 2678 325 2722 co
348 2657 559 2739 perspicitur,
582 2650 671 2735 qnod
691 2650 733 2716 de
754 2656 961 2739 reliquorum
983 2661 1152 2725 librorum
1170 2683 1260 2727 com·

224 2770 390 2857 positione
421 2765 589 2842 subjunxit
616 2763 714 2852 Diog.
778 2765 817 2826 In
846 2769 964 2850 quibus
993 2767 1079 2832 dixit
1111 2773 1159 2834 ita
1189 2795 1262 2837 rem

225 2882 412 2946 institutam
430 2894 499 2937 csse
519 2893 540 2934 a
554 2874 713 2955 Timone,
739 2879 951 2962 ut·ipse.psr
972 2877 1170 2964 dialogicam
1191 2886 1260 2946 ler-

225 3011 313 3078 mam
346 3008 365 3050 e
394 2984 599 3066 Xenophane
627 2983 836 3071 Colophonio
870 3007 1018 3074 quaeque
1055 2993 1259 3073 quaesiisset,

225 3099 285 3187 'ille
304 3117 384 3164 vero
406 3097 472 3182 ipsi
494 3093 730 3180 respondisset
776 3081 1016 3182 Xenophani
997 3101 1054 3166 aul
1055 3119 1106 3164 em
1127 3103 1260 3182 potis'si-

223 3200 315 3304 'mum
344 3182 379 3268 id
407 3225 525 3290 munus
552 3204 732 3306 iniunxisse
758 3205 893 3270 videtur
914 3207 1060 3300 Timon,
1104 3213 1260 3298 quoniam
1330 3275 1335 3288 ,

200 3322 284 3387 -ille
313 3328 347 3382 et
379 3319 453 3401 ipsc
478 3317 572 3378 sillos
599 3299 786 3398 composuit
816 3312 861 3376 ad
891 3312 1094 3394 traducenda
1109 3311 1268 3396 Homeri

222 3425 431 3508 Hesiodique
456 3423 624 3512 dogmata
662 3421 896 3507 mythologice,
963 3422 1116 3490 Timonis
1147 3436 1261 3492 autem

224 3537 295 3601 silli
324 3555 399 3596 eum
427 3537 498 3596 lere
526 3553 637 3596 omnes
666 3534 891 3616 perstringant
915 3531 967 3610 ²),
1011 3535 1068 3615 qui
1085 3536 1260 3616 .a··.·primis

223 3641 303 3749 'inde
331 3645 439 3706 initiis
469 3641 512 3705 ad
540 3641 642 3725 ipsius
664 3657 767 3770 usque
788 3649 938 3726 tempora
958 3643 995 3704 in
1009 3631 1261 3729 'philosophiam

223 3818 288 3880 1)
308 3815 357 3870 ct
375 3811 523 3868 Snidass.
541 3828 566 3866 ι.
587 3811 691 3878 Τίμων
772 3841 777 3848 -
804 3835 809 3866 ι

260 3909 396 3981 llDiog.
416 3908 467 3965 Iis
485 3909 538 3967 lx.
555 3909 598 3974 12,
616 3905 676 3961 111.
692 3899 797 3964 πάντας
813 3902 933 3979 λοιδορεῖ
939 3901 1016 3962 -sods
1027 3897 1212 3976 &opperientis
1271 3923 1273 3932 ,
