<?xml version="1.0" encoding="UTF-8"?>
<!DOCTYPE html PUBLIC "-//W3C//DTD XHTML 1.0 Transitional//EN"
    "http://www.w3.org/TR/xhtml1/DTD/xhtml1-transitional.dtd">
<html xmlns="http://www.w3.org/1999/xhtml" xml:lang="en" lang="en">
 <head>
  <title>
</title>
<meta http-equiv="Content-Type" content="text/html;charset=utf-8" />
  <meta name='ocr-system' content='tesseract 3.04.00' />
  <meta name='ocr-capabilities' content='ocr_page ocr_carea ocr_par ocr_line ocrx_word'/>
</head>
<body>
  <div class='ocr_page' id='page_1' title='image "./depraecipuispar00welagoog_0055.png"; bbox 0 0 2736 4610; ppageno 0'>
   <div class='ocr_carea' id='block_1_1' title="bbox 510 479 987 764">
    <p class='ocr_par' dir='ltr' id='par_1_1' title="bbox 510 479 987 764">
     <span class='ocr_line' id='line_1_1' title="bbox 543 479 911 616; baseline 0.019 -50"><span class='ocrx_word' id='word_1_1' title='bbox 543 609 546 616; x_wconf 64' lang='lat'>,</span> <span class='ocrx_word' id='word_1_2' title='bbox 605 479 800 570; x_wconf 72' lang='lat' dir='ltr'><strong>canor</strong></span> <span class='ocrx_word' id='word_1_3' title='bbox 828 483 911 572; x_wconf 44' lang='grc' dir='ltr'><strong>Χ..</strong></span> 
     </span>
     <span class='ocr_line' id='line_1_2' title="bbox 510 635 987 764; baseline 0.025 -57"><span class='ocrx_word' id='word_1_4' title='bbox 510 635 740 764; x_wconf 63' lang='grc' dir='ltr'><strong>ξΟΡΑΤΕΗ</strong></span> <span class='ocrx_word' id='word_1_5' title='bbox 763 641 987 726; x_wconf 81' lang='lat' dir='ltr'><strong>PAPHIUS.</strong></span> 
     </span>
    </p>
   </div>
   <div class='ocr_carea' id='block_1_2' title="bbox 131 885 1361 1542">
    <p class='ocr_par' dir='ltr' id='par_1_2' title="bbox 131 885 1361 1542">
     <span class='ocr_line' id='line_1_3' title="bbox 310 885 1361 996; baseline 0.011 -30"><span class='ocrx_word' id='word_1_6' title='bbox 310 903 361 966; x_wconf 83' lang='lat' dir='ltr'><strong>De</strong></span> <span class='ocrx_word' id='word_1_7' title='bbox 384 895 755 986; x_wconf 58' lang='lat' dir='ltr'><strong>Sopatro&#39;h&#39;aecjhabet</strong></span> <span class='ocrx_word' id='word_1_8' title='bbox 775 885 913 972; x_wconf 69' lang='lat' dir='ltr'><strong>Suidas:</strong></span> <span class='ocrx_word' id='word_1_9' title='bbox 957 905 1143 996; x_wconf 65' lang='grc' dir='ltr'><strong><em>Σώπατρος</em></strong></span> <span class='ocrx_word' id='word_1_10' title='bbox 1164 935 1262 996; x_wconf 72' lang='lat' dir='ltr'><strong>acont-</strong></span> <span class='ocrx_word' id='word_1_11' title='bbox 1360 959 1361 962; x_wconf 56' lang='lat'><em>=</em></span> 
     </span>
     <span class='ocr_line' id='line_1_4' title="bbox 131 997 1361 1100; baseline 0.013 -30"><span class='ocrx_word' id='word_1_12' title='bbox 131 1065 133 1070; x_wconf 81' lang='grc'>,</span> <span class='ocrx_word' id='word_1_13' title='bbox 169 997 173 1006; x_wconf 60' lang='grc'><em>’</em></span> <span class='ocrx_word' id='word_1_14' title='bbox 225 997 298 1085; x_wconf 76' lang='grc' dir='ltr'><strong><em>κός·</em></strong></span> <span class='ocrx_word' id='word_1_15' title='bbox 340 1015 409 1072; x_wconf 70' lang='grc' dir='ltr'><strong>τῶν</strong></span> <span class='ocrx_word' id='word_1_16' title='bbox 430 1005 610 1094; x_wconf 76' lang='grc' dir='ltr'><strong><em>δραμάτων</em></strong></span> <span class='ocrx_word' id='word_1_17' title='bbox 631 1010 739 1070; x_wconf 79' lang='grc' dir='ltr'><strong><em>αὐτοῦ</em></strong></span> <span class='ocrx_word' id='word_1_18' title='bbox 762 1013 856 1076; x_wconf 80' lang='grc' dir='ltr'>ἐστιν</span> <span class='ocrx_word' id='word_1_19' title='bbox 876 1016 1092 1100; x_wconf 85' lang='grc' dir='ltr'><strong>Ἱππόλυτος,</strong></span> <span class='ocrx_word' id='word_1_20' title='bbox 1138 1021 1263 1085; x_wconf 81' lang='grc' dir='ltr'>Φυσιο·</span> <span class='ocrx_word' id='word_1_21' title='bbox 1360 1005 1361 1076; x_wconf 36' lang='lat' dir='ltr'><strong>l</strong></span> 
     </span>
     <span class='ocr_line' id='line_1_5' title="bbox 226 1112 1261 1216; baseline 0.014 -39"><span class='ocrx_word' id='word_1_22' title='bbox 226 1119 345 1204; x_wconf 69' lang='grc' dir='ltr'><strong><em>λόγος,</em></strong></span> <span class='ocrx_word' id='word_1_23' title='bbox 381 1116 530 1198; x_wconf 80' lang='grc' dir='ltr'>Σιλφία</span> <span class='ocrx_word' id='word_1_24' title='bbox 524 1112 552 1190; x_wconf 67' lang='lat' dir='ltr'><strong>ol</strong></span> <span class='ocrx_word' id='word_1_25' title='bbox 572 1114 708 1192; x_wconf 81' lang='grc' dir='ltr'>Κνιδία,</span> <span class='ocrx_word' id='word_1_26' title='bbox 745 1123 893 1207; x_wconf 71' lang='lat' dir='ltr'><strong>Nerola,</strong></span> <span class='ocrx_word' id='word_1_27' title='bbox 925 1125 1056 1205; x_wconf 81' lang='grc' dir='ltr'>Πύλαι,</span> <span class='ocrx_word' id='word_1_28' title='bbox 1092 1130 1261 1216; x_wconf 76' lang='grc' dir='ltr'><strong><em>Ὀρέστης,</em></strong></span> 
     </span>
     <span class='ocr_line' id='line_1_6' title="bbox 226 1221 1361 1314; baseline 0.019 -30"><span class='ocrx_word' id='word_1_29' title='bbox 226 1229 361 1300; x_wconf 64' lang='grc' dir='ltr'><em>Φακῆ*</em></span> <span class='ocrx_word' id='word_1_30' title='bbox 343 1249 386 1302; x_wconf 83' lang='grc' dir='ltr'><strong>ως</strong></span> <span class='ocrx_word' id='word_1_31' title='bbox 407 1221 620 1300; x_wconf 69' lang='grc' dir='ltr'><strong><em>Ἀθηναῖος’</em></strong></span> <span class='ocrx_word' id='word_1_32' title='bbox 607 1246 641 1285; x_wconf 83' lang='lat' dir='ltr'><strong>ev</strong></span> <span class='ocrx_word' id='word_1_33' title='bbox 662 1225 982 1314; x_wconf 63' lang='grc' dir='ltr'>Δειπνοσοφισταῖς.</span> <span class='ocrx_word' id='word_1_34' title='bbox 1029 1236 1159 1304; x_wconf 82' lang='lat' dir='ltr'>Deinde</span> <span class='ocrx_word' id='word_1_35' title='bbox 1181 1242 1262 1305; x_wconf 91' lang='lat' dir='ltr'><strong>haec</strong></span> <span class='ocrx_word' id='word_1_36' title='bbox 1360 1251 1361 1256; x_wconf 75' lang='grc'>’</span> 
     </span>
     <span class='ocr_line' id='line_1_7' title="bbox 157 1333 1263 1432; baseline 0.005 -31"><span class='ocrx_word' id='word_1_37' title='bbox 157 1377 159 1381; x_wconf 92' lang='grc'><strong>-</strong></span> <span class='ocrx_word' id='word_1_38' title='bbox 223 1348 440 1422; x_wconf 80' lang='lat' dir='ltr'><strong>sequuntur:</strong></span> <span class='ocrx_word' id='word_1_39' title='bbox 469 1336 560 1402; x_wconf 79' lang='grc' dir='ltr'><strong>Σώπ.</strong></span> <span class='ocrx_word' id='word_1_40' title='bbox 587 1333 760 1420; x_wconf 83' lang='grc' dir='ltr'><strong>παρῳδός.</strong></span> <span class='ocrx_word' id='word_1_41' title='bbox 794 1339 923 1404; x_wconf 75' lang='grc' dir='ltr'>τουτού</span> <span class='ocrx_word' id='word_1_42' title='bbox 947 1345 1020 1406; x_wconf 77' lang='grc' dir='ltr'>ἐστι</span> <span class='ocrx_word' id='word_1_43' title='bbox 1042 1347 1153 1432; x_wconf 68' lang='grc' dir='ltr'><em>δρᾶμα</em></span> <span class='ocrx_word' id='word_1_44' title='bbox 1175 1354 1263 1412; x_wconf 80' lang='grc' dir='ltr'><strong><em>Βακ-</em></strong></span> 
     </span>
     <span class='ocr_line' id='line_1_8' title="bbox 223 1446 1258 1542; baseline 0.017 -34"><span class='ocrx_word' id='word_1_45' title='bbox 223 1446 293 1532; x_wconf 75' lang='grc' dir='ltr'><strong><em>χὶς,</em></strong></span> <span class='ocrx_word' id='word_1_46' title='bbox 325 1451 369 1523; x_wconf 78' lang='grc' dir='ltr'><strong>ὡς</strong></span> <span class='ocrx_word' id='word_1_47' title='bbox 389 1449 502 1524; x_wconf 55' lang='lat' dir='ltr'><strong>’Astu</strong></span> <span class='ocrx_word' id='word_1_48' title='bbox 527 1449 560 1509; x_wconf 79' lang='grc' dir='ltr'><strong>ἐν</strong></span> <span class='ocrx_word' id='word_1_49' title='bbox 581 1446 741 1508; x_wconf 79' lang='grc' dir='ltr'>Δειπνοσ.</span> <span class='ocrx_word' id='word_1_50' title='bbox 805 1447 909 1515; x_wconf 88' lang='lat' dir='ltr'><strong>Vides</strong></span> <span class='ocrx_word' id='word_1_51' title='bbox 932 1453 1037 1542; x_wconf 81' lang='lat' dir='ltr'><strong>igitur</strong></span> <span class='ocrx_word' id='word_1_52' title='bbox 1057 1457 1143 1540; x_wconf 88' lang='lat' dir='ltr'><strong>apud</strong></span> <span class='ocrx_word' id='word_1_53' title='bbox 1157 1459 1258 1540; x_wconf 81' lang='lat' dir='ltr'><strong>¹Suid.</strong></span> 
     </span>
    </p>
   </div>
   <div class='ocr_carea' id='block_1_3' title="bbox 46 1549 1259 1664">
    <p class='ocr_par' dir='ltr' id='par_1_3' title="bbox 46 1549 1259 1664">
     <span class='ocr_line' id='line_1_9' title="bbox 46 1549 1259 1664; baseline 0.007 -43"><span class='ocrx_word' id='word_1_54' title='bbox 46 1641 55 1664; x_wconf 37' lang='grc' dir='ltr'>ι</span> <span class='ocrx_word' id='word_1_55' title='bbox 109 1565 127 1618; x_wconf 74' lang='grc'><strong>’.</strong></span> <span class='ocrx_word' id='word_1_56' title='bbox 223 1557 265 1624; x_wconf 83' lang='lat' dir='ltr'><strong>de</strong></span> <span class='ocrx_word' id='word_1_57' title='bbox 288 1557 415 1623; x_wconf 83' lang='lat' dir='ltr'><strong>(luobus</strong></span> <span class='ocrx_word' id='word_1_58' title='bbox 437 1561 543 1642; x_wconf 87' lang='lat' dir='ltr'><strong>poetis</strong></span> <span class='ocrx_word' id='word_1_59' title='bbox 565 1549 747 1619; x_wconf 81' lang='lat' dir='ltr'><strong>sermonem</strong></span> <span class='ocrx_word' id='word_1_60' title='bbox 770 1573 856 1635; x_wconf 85' lang='lat' dir='ltr'><strong>esse,</strong></span> <span class='ocrx_word' id='word_1_61' title='bbox 880 1559 1259 1630; x_wconf 85' lang='lat' dir='ltr'><strong>alterocomoediarum</strong></span> 
     </span>
    </p>
   </div>
   <div class='ocr_carea' id='block_1_4' title="bbox 218 1665 1259 1753">
    <p class='ocr_par' dir='ltr' id='par_1_4' title="bbox 218 1665 1259 1753">
     <span class='ocr_line' id='line_1_10' title="bbox 218 1665 1259 1753; baseline 0.005 -21"><span class='ocrx_word' id='word_1_62' title='bbox 218 1665 403 1753; x_wconf 81' lang='lat' dir='ltr'><strong>scriptore,</strong></span> <span class='ocrx_word' id='word_1_63' title='bbox 446 1667 659 1751; x_wconf 86' lang='lat' dir='ltr'><strong>parodiarum</strong></span> <span class='ocrx_word' id='word_1_64' title='bbox 689 1667 804 1728; x_wconf 86' lang='lat' dir='ltr'><strong>altero.</strong></span> <span class='ocrx_word' id='word_1_65' title='bbox 870 1667 956 1730; x_wconf 83' lang='lat' dir='ltr'><strong>Nam</strong></span> <span class='ocrx_word' id='word_1_66' title='bbox 978 1691 1042 1752; x_wconf 81' lang='lat' dir='ltr'><strong>quo</strong></span> <span class='ocrx_word' id='word_1_67' title='bbox 1065 1671 1259 1742; x_wconf 85' lang='lat' dir='ltr'><strong>discrimina</strong></span> 
     </span>
    </p>
   </div>
   <div class='ocr_carea' id='block_1_5' title="bbox 221 1769 1361 1874">
    <p class='ocr_par' dir='ltr' id='par_1_5' title="bbox 221 1769 1361 1874">
     <span class='ocr_line' id='line_1_11' title="bbox 221 1769 1361 1874; baseline 0.001 -34"><span class='ocrx_word' id='word_1_68' title='bbox 221 1779 365 1859; x_wconf 83' lang='lat' dir='ltr'><strong>separati</strong></span> <span class='ocrx_word' id='word_1_69' title='bbox 385 1785 463 1838; x_wconf 87' lang='lat' dir='ltr'><strong>sunt</strong></span> <span class='ocrx_word' id='word_1_70' title='bbox 484 1776 550 1837; x_wconf 90' lang='lat' dir='ltr'><strong>loci</strong></span> <span class='ocrx_word' id='word_1_71' title='bbox 572 1773 774 1862; x_wconf 88' lang='lat' dir='ltr'><strong>disputantes</strong></span> <span class='ocrx_word' id='word_1_72' title='bbox 796 1773 836 1838; x_wconf 83' lang='lat' dir='ltr'><strong>de</strong></span> <span class='ocrx_word' id='word_1_73' title='bbox 858 1778 1026 1840; x_wconf 86' lang='lat' dir='ltr'><strong>nonnullis</strong></span> <span class='ocrx_word' id='word_1_74' title='bbox 1051 1780 1126 1840; x_wconf 89' lang='lat' dir='ltr'><strong>aliis</strong></span> <span class='ocrx_word' id='word_1_75' title='bbox 1148 1780 1257 1874; x_wconf 41' lang='lat' dir='ltr'><strong>homi:</strong></span> <span class='ocrx_word' id='word_1_76' title='bbox 1360 1769 1361 1828; x_wconf 71' lang='lat' dir='ltr'><strong>l</strong></span> 
     </span>
    </p>
   </div>
   <div class='ocr_carea' id='block_1_6' title="bbox 177 1882 1361 2407">
    <p class='ocr_par' dir='ltr' id='par_1_6' title="bbox 177 1882 1361 2407">
     <span class='ocr_line' id='line_1_12' title="bbox 221 1882 1256 1979; baseline 0.005 -30"><span class='ocrx_word' id='word_1_77' title='bbox 221 1888 317 1979; x_wconf 85' lang='lat' dir='ltr'><strong>nibus</strong></span> <span class='ocrx_word' id='word_1_78' title='bbox 347 1883 463 1949; x_wconf 87' lang='lat' dir='ltr'><strong>eodem</strong></span> <span class='ocrx_word' id='word_1_79' title='bbox 491 1882 649 1969; x_wconf 85' lang='lat' dir='ltr'><strong>Sopatri</strong></span> <span class='ocrx_word' id='word_1_80' title='bbox 654 1890 787 1950; x_wconf 87' lang='lat' dir='ltr'><strong>nomine</strong></span> <span class='ocrx_word' id='word_1_81' title='bbox 816 1890 904 1950; x_wconf 84' lang='lat' dir='ltr'><strong>insi</strong></span> <span class='ocrx_word' id='word_1_82' title='bbox 884 1890 1013 1975; x_wconf 52' lang='lat' dir='ltr'><strong>„sitin</strong></span> <span class='ocrx_word' id='word_1_83' title='bbox 1046 1886 1136 1952; x_wconf 83' lang='lat' dir='ltr'><strong>idern</strong></span> <span class='ocrx_word' id='word_1_84' title='bbox 1166 1893 1256 1954; x_wconf 91' lang='lat' dir='ltr'><strong>inter</strong></span> 
     </span>
     <span class='ocr_line' id='line_1_13' title="bbox 220 1970 1255 2080; baseline 0.003 -21"><span class='ocrx_word' id='word_1_85' title='bbox 220 1970 280 2059; x_wconf 83' lang='lat' dir='ltr'><strong>hos</strong></span> <span class='ocrx_word' id='word_1_86' title='bbox 303 1991 490 2058; x_wconf 82' lang='lat' dir='ltr'><strong>intercedit.</strong></span> <span class='ocrx_word' id='word_1_87' title='bbox 556 1993 652 2076; x_wconf 88' lang='lat' dir='ltr'><strong>Ouod</strong></span> <span class='ocrx_word' id='word_1_88' title='bbox 680 2017 763 2068; x_wconf 78' lang='lat' dir='ltr'><strong>num,</strong></span> <span class='ocrx_word' id='word_1_89' title='bbox 779 2000 824 2059; x_wconf 91' lang='lat' dir='ltr'><strong>sit</strong></span> <span class='ocrx_word' id='word_1_90' title='bbox 845 2007 933 2060; x_wconf 85' lang='lat' dir='ltr'><strong>recte</strong></span> <span class='ocrx_word' id='word_1_91' title='bbox 954 2000 1077 2060; x_wconf 86' lang='lat' dir='ltr'><strong>factum</strong></span> <span class='ocrx_word' id='word_1_92' title='bbox 1099 2019 1118 2060; x_wconf 92' lang='lat' dir='ltr'><strong>a</strong></span> <span class='ocrx_word' id='word_1_93' title='bbox 1139 1997 1255 2080; x_wconf 78' lang='lat' dir='ltr'><strong>saida,</strong></span> 
     </span>
     <span class='ocr_line' id='line_1_14' title="bbox 177 2083 1361 2200; baseline -0.001 -28"><span class='ocrx_word' id='word_1_94' title='bbox 177 2083 178 2088; x_wconf 8' lang='grc' dir='ltr'>ἵ</span> <span class='ocrx_word' id='word_1_95' title='bbox 221 2105 423 2189; x_wconf 83' lang='lat' dir='ltr'><strong>disputatum</strong></span> <span class='ocrx_word' id='word_1_96' title='bbox 452 2113 502 2167; x_wconf 84' lang='lat' dir='ltr'><strong>est</strong></span> <span class='ocrx_word' id='word_1_97' title='bbox 530 2123 549 2164; x_wconf 93' lang='lat' dir='ltr'><strong>a</strong></span> <span class='ocrx_word' id='word_1_98' title='bbox 576 2104 649 2166; x_wconf 84' lang='lat' dir='ltr'><strong>VV.</strong></span> <span class='ocrx_word' id='word_1_99' title='bbox 673 2105 745 2168; x_wconf 88' lang='lat' dir='ltr'><strong>DD.</strong></span> <span class='ocrx_word' id='word_1_100' title='bbox 808 2106 881 2190; x_wconf 87' lang='lat' dir='ltr'><strong>Ipse</strong></span> <span class='ocrx_word' id='word_1_101' title='bbox 904 2103 1036 2189; x_wconf 89' lang='lat' dir='ltr'><strong>quidem</strong></span> <span class='ocrx_word' id='word_1_102' title='bbox 1057 2106 1188 2172; x_wconf 86' lang='lat' dir='ltr'><strong>Kiister.</strong></span> <span class='ocrx_word' id='word_1_103' title='bbox 1212 2108 1255 2171; x_wconf 86' lang='lat' dir='ltr'><strong>ad</strong></span> <span class='ocrx_word' id='word_1_104' title='bbox 1360 2175 1361 2200; x_wconf 15' lang='grc' dir='ltr'><strong>χ</strong></span> 
     </span>
     <span class='ocr_line' id='line_1_15' title="bbox 220 2211 1255 2298; baseline -0.001 -19"><span class='ocrx_word' id='word_1_105' title='bbox 220 2214 313 2280; x_wconf 81' lang='lat' dir='ltr'><strong>suit.</strong></span> <span class='ocrx_word' id='word_1_106' title='bbox 335 2233 510 2298; x_wconf 79' lang='lat' dir='ltr'><strong>perperam</strong></span> <span class='ocrx_word' id='word_1_107' title='bbox 537 2213 623 2274; x_wconf 88' lang='lat' dir='ltr'><strong>dicit</strong></span> <span class='ocrx_word' id='word_1_108' title='bbox 643 2211 791 2277; x_wconf 87' lang='lat' dir='ltr'><strong>diversos</strong></span> <span class='ocrx_word' id='word_1_109' title='bbox 812 2215 852 2276; x_wconf 93' lang='lat' dir='ltr'><strong>ab</strong></span> <span class='ocrx_word' id='word_1_110' title='bbox 875 2233 914 2276; x_wconf 89' lang='lat' dir='ltr'><strong>eo</strong></span> <span class='ocrx_word' id='word_1_111' title='bbox 935 2217 1039 2278; x_wconf 87' lang='lat' dir='ltr'><strong>factos</strong></span> <span class='ocrx_word' id='word_1_112' title='bbox 1061 2236 1130 2279; x_wconf 88' lang='lat' dir='ltr'><strong>esse</strong></span> <span class='ocrx_word' id='word_1_113' title='bbox 1152 2219 1255 2278; x_wconf 88' lang='lat' dir='ltr'><strong>comi-</strong></span> 
     </span>
     <span class='ocr_line' id='line_1_16' title="bbox 221 2303 1255 2407; baseline -0.006 -15"><span class='ocrx_word' id='word_1_114' title='bbox 221 2347 297 2392; x_wconf 86' lang='lat' dir='ltr'><strong>cum</strong></span> <span class='ocrx_word' id='word_1_115' title='bbox 318 2332 352 2388; x_wconf 84' lang='lat' dir='ltr'><strong>et</strong></span> <span class='ocrx_word' id='word_1_116' title='bbox 372 2321 551 2407; x_wconf 85' lang='lat' dir='ltr'><strong>parodum,</strong></span> <span class='ocrx_word' id='word_1_117' title='bbox 594 2342 659 2383; x_wconf 92' lang='lat' dir='ltr'><strong>non</strong></span> <span class='ocrx_word' id='word_1_118' title='bbox 683 2303 807 2388; x_wconf 85' lang='lat' dir='ltr'><strong>addens¹</strong></span> <span class='ocrx_word' id='word_1_119' title='bbox 825 2331 934 2396; x_wconf 83' lang='lat' dir='ltr'><strong>tamen</strong></span> <span class='ocrx_word' id='word_1_120' title='bbox 956 2343 1085 2401; x_wconf 82' lang='lat' dir='ltr'><strong>causas,</strong></span> <span class='ocrx_word' id='word_1_121' title='bbox 1125 2344 1186 2386; x_wconf 89' lang='lat' dir='ltr'><strong>cur</strong></span> <span class='ocrx_word' id='word_1_122' title='bbox 1206 2327 1255 2387; x_wconf 89' lang='lat' dir='ltr'><strong>ita</strong></span> 
     </span>
    </p>
   </div>
   <div class='ocr_carea' id='block_1_7' title="bbox 94 2426 1254 2630">
    <p class='ocr_par' dir='ltr' id='par_1_7' title="bbox 94 2419 1361 2630">
     <span class='ocr_line' id='line_1_17' title="bbox 146 2426 1253 2532; baseline -0.007 -31"><span class='ocrx_word' id='word_1_123' title='bbox 146 2428 153 2445; x_wconf 71' lang='lat'><em>⁶</em></span> <span class='ocrx_word' id='word_1_124' title='bbox 219 2445 343 2501; x_wconf 89' lang='lat' dir='ltr'><strong>statuat</strong></span> <span class='ocrx_word' id='word_1_125' title='bbox 357 2433 393 2508; x_wconf 84' lang='grc' dir='ltr'><strong>ι).</strong></span> <span class='ocrx_word' id='word_1_126' title='bbox 452 2433 677 2532; x_wconf 14' lang='grc' dir='ltr'>’ριοέἰιιοιιιιιι</span> <span class='ocrx_word' id='word_1_127' title='bbox 698 2440 768 2508; x_wconf 85' lang='lat' dir='ltr'><strong>est,</strong></span> <span class='ocrx_word' id='word_1_128' title='bbox 810 2439 849 2490; x_wconf 91' lang='lat' dir='ltr'><strong>ut</strong></span> <span class='ocrx_word' id='word_1_129' title='bbox 869 2431 905 2489; x_wconf 90' lang='lat' dir='ltr'><strong>in</strong></span> <span class='ocrx_word' id='word_1_130' title='bbox 927 2426 1006 2490; x_wconf 91' lang='lat' dir='ltr'><strong>duas</strong></span> <span class='ocrx_word' id='word_1_131' title='bbox 1028 2433 1121 2514; x_wconf 83' lang='lat' dir='ltr'><strong>quasi</strong></span> <span class='ocrx_word' id='word_1_132' title='bbox 1141 2442 1253 2514; x_wconf 73' lang='lat' dir='ltr'><strong>partes</strong></span> 
     </span>
     <span class='ocr_line' id='line_1_18' title="bbox 94 2535 1254 2630; baseline -0.017 -18"><span class='ocrx_word' id='word_1_133' title='bbox 94 2611 98 2623; x_wconf 79' lang='grc'>,</span> <span class='ocrx_word' id='word_1_134' title='bbox 219 2549 350 2610; x_wconf 78' lang='lat' dir='ltr'><strong>abirent</strong></span> <span class='ocrx_word' id='word_1_135' title='bbox 369 2541 443 2606; x_wconf 87' lang='lat' dir='ltr'><strong>VV.</strong></span> <span class='ocrx_word' id='word_1_136' title='bbox 467 2539 538 2609; x_wconf 86' lang='lat' dir='ltr'><strong>DD.</strong></span> <span class='ocrx_word' id='word_1_137' title='bbox 581 2539 647 2600; x_wconf 84' lang='lat' dir='ltr'><strong>Lil.</strong></span> <span class='ocrx_word' id='word_1_138' title='bbox 671 2535 807 2620; x_wconf 80' lang='lat' dir='ltr'><strong>Gyrald.</strong></span> <span class='ocrx_word' id='word_1_139' title='bbox 831 2537 871 2598; x_wconf 84' lang='grc' dir='ltr'><strong>ΙΙ.</strong></span> <span class='ocrx_word' id='word_1_140' title='bbox 899 2558 929 2620; x_wconf 87' lang='lat' dir='ltr'><strong>p.</strong></span> <span class='ocrx_word' id='word_1_141' title='bbox 946 2544 1021 2608; x_wconf 85' lang='lat'><strong>389.</strong></span> <span class='ocrx_word' id='word_1_142' title='bbox 1045 2537 1182 2630; x_wconf 69' lang='lat' dir='ltr'><strong>saidam</strong></span> <span class='ocrx_word' id='word_1_143' title='bbox 1203 2563 1254 2607; x_wconf 52' lang='grc' dir='ltr'><strong>ιθ.</strong></span> 
     </span>
    </p>
   </div>
   <div class='ocr_carea' id='block_1_8' title="bbox 146 2643 1298 3842">
    <p class='ocr_par' dir='ltr' id='par_1_8' title="bbox 146 2643 1298 3842">
     <span class='ocr_line' id='line_1_19' title="bbox 219 2643 1253 2730; baseline -0.003 -12"><span class='ocrx_word' id='word_1_144' title='bbox 219 2665 313 2718; x_wconf 90' lang='lat' dir='ltr'><strong>cutus</strong></span> <span class='ocrx_word' id='word_1_145' title='bbox 336 2651 433 2714; x_wconf 76' lang='lat' dir='ltr'><strong>dicits</strong></span> <span class='ocrx_word' id='word_1_146' title='bbox 458 2649 551 2708; x_wconf 71' lang='lat' dir='ltr'><strong>oluit</strong></span> <span class='ocrx_word' id='word_1_147' title='bbox 572 2653 605 2707; x_wconf 83' lang='lat' dir='ltr'><strong>et</strong></span> <span class='ocrx_word' id='word_1_148' title='bbox 625 2646 713 2708; x_wconf 87' lang='lat' dir='ltr'><strong>alter</strong></span> <span class='ocrx_word' id='word_1_149' title='bbox 733 2643 892 2728; x_wconf 86' lang='lat' dir='ltr'><strong>Sopater,</strong></span> <span class='ocrx_word' id='word_1_150' title='bbox 915 2649 972 2730; x_wconf 86' lang='lat' dir='ltr'><strong>qui</strong></span> <span class='ocrx_word' id='word_1_151' title='bbox 993 2647 1147 2730; x_wconf 86' lang='lat' dir='ltr'><strong>parodias</strong></span> <span class='ocrx_word' id='word_1_152' title='bbox 1169 2645 1253 2717; x_wconf 89' lang='lat' dir='ltr'><strong>scri-</strong></span> 
     </span>
     <span class='ocr_line' id='line_1_20' title="bbox 211 2742 1249 2852; baseline 0 -26"><span class='ocrx_word' id='word_1_153' title='bbox 211 2767 307 2852; x_wconf 60' lang='lat' dir='ltr'><strong>psit«</strong></span> <span class='ocrx_word' id='word_1_154' title='bbox 341 2758 522 2842; x_wconf 82' lang='lat' dir='ltr'><strong>itidemque</strong></span> <span class='ocrx_word' id='word_1_155' title='bbox 542 2742 636 2818; x_wconf 80' lang='lat' dir='ltr'><strong>Voss.</strong></span> <span class='ocrx_word' id='word_1_156' title='bbox 659 2755 749 2816; x_wconf 80' lang='lat' dir='ltr'><strong>Poet</strong></span> <span class='ocrx_word' id='word_1_157' title='bbox 774 2752 831 2818; x_wconf 87' lang='lat' dir='ltr'><strong>Gr.</strong></span> <span class='ocrx_word' id='word_1_158' title='bbox 861 2777 892 2839; x_wconf 92' lang='grc' dir='ltr'><strong>Ρ.</strong></span> <span class='ocrx_word' id='word_1_159' title='bbox 911 2761 962 2824; x_wconf 84' lang='grc'><strong>96.</strong></span> <span class='ocrx_word' id='word_1_160' title='bbox 994 2757 1119 2820; x_wconf 88' lang='lat' dir='ltr'><strong>Fabric.</strong></span> <span class='ocrx_word' id='word_1_161' title='bbox 1143 2759 1184 2824; x_wconf 91' lang='grc' dir='ltr'><strong>Π.</strong></span> <span class='ocrx_word' id='word_1_162' title='bbox 1216 2784 1249 2846; x_wconf 90' lang='lat' dir='ltr'><strong>p.</strong></span> 
     </span>
     <span class='ocr_line' id='line_1_21' title="bbox 217 2855 1252 2950; baseline -0.024 -4"><span class='ocrx_word' id='word_1_163' title='bbox 217 2881 293 2946; x_wconf 78' lang='lat'><strong>492.</strong></span> <span class='ocrx_word' id='word_1_164' title='bbox 358 2868 483 2933; x_wconf 84' lang='lat' dir='ltr'><strong>Contra</strong></span> <span class='ocrx_word' id='word_1_165' title='bbox 506 2863 640 2929; x_wconf 81' lang='lat' dir='ltr'><strong>Casaub.</strong></span> <span class='ocrx_word' id='word_1_166' title='bbox 665 2855 713 2926; x_wconf 58' lang='lat' dir='ltr'><strong>&#39;ad</strong></span> <span class='ocrx_word' id='word_1_167' title='bbox 733 2861 850 2926; x_wconf 87' lang='lat' dir='ltr'><strong>Athen.</strong></span> <span class='ocrx_word' id='word_1_168' title='bbox 873 2864 930 2927; x_wconf 91' lang='lat'><em>111.</em></span> <span class='ocrx_word' id='word_1_169' title='bbox 954 2885 986 2947; x_wconf 88' lang='lat' dir='ltr'><strong>p.</strong></span> <span class='ocrx_word' id='word_1_170' title='bbox 1000 2865 1119 2934; x_wconf 67' lang='lat' dir='ltr'><strong>1.19.l&lt;.</strong></span> <span class='ocrx_word' id='word_1_171' title='bbox 1150 2872 1252 2950; x_wconf 79' lang='lat' dir='ltr'><strong>comi.</strong></span> 
     </span>
     <span class='ocr_line' id='line_1_22' title="bbox 217 2969 1298 3064; baseline -0.005 -19"><span class='ocrx_word' id='word_1_172' title='bbox 217 3004 292 3050; x_wconf 87' lang='lat' dir='ltr'><strong>cum</strong></span> <span class='ocrx_word' id='word_1_173' title='bbox 313 2986 408 3064; x_wconf 89' lang='lat' dir='ltr'><strong>putat</strong></span> <span class='ocrx_word' id='word_1_174' title='bbox 429 2973 568 3038; x_wconf 86' lang='lat' dir='ltr'><strong>eundem</strong></span> <span class='ocrx_word' id='word_1_175' title='bbox 590 2993 675 3048; x_wconf 89' lang='lat' dir='ltr'><strong>csse,</strong></span> <span class='ocrx_word' id='word_1_176' title='bbox 719 2973 776 3056; x_wconf 89' lang='lat' dir='ltr'><strong>qui</strong></span> <span class='ocrx_word' id='word_1_177' title='bbox 797 2969 941 3060; x_wconf 85' lang='lat' dir='ltr'><strong>parodus</strong></span> <span class='ocrx_word' id='word_1_178' title='bbox 973 2973 1028 3035; x_wconf 91' lang='lat' dir='ltr'><strong>hic</strong></span> <span class='ocrx_word' id='word_1_179' title='bbox 1051 2975 1126 3038; x_wconf 89' lang='lat' dir='ltr'><strong>illic·</strong></span> <span class='ocrx_word' id='word_1_180' title='bbox 1144 2981 1251 3040; x_wconf 89' lang='lat' dir='ltr'><strong>nomi·</strong></span> <span class='ocrx_word' id='word_1_181' title='bbox 1290 2969 1298 3026; x_wconf 68' lang='lat' dir='ltr'><em>ss</em></span> 
     </span>
     <span class='ocr_line' id='line_1_23' title="bbox 216 3081 1249 3172; baseline 0 -21"><span class='ocrx_word' id='word_1_182' title='bbox 216 3099 323 3156; x_wconf 85' lang='lat' dir='ltr'><strong>netur.</strong></span> <span class='ocrx_word' id='word_1_183' title='bbox 354 3129 357 3137; x_wconf 78' lang='lat'>·</span> <span class='ocrx_word' id='word_1_184' title='bbox 387 3085 539 3148; x_wconf 82' lang='lat' dir='ltr'><strong>Mosarna</strong></span> <span class='ocrx_word' id='word_1_185' title='bbox 562 3081 702 3164; x_wconf 85' lang='lat' dir='ltr'><strong>denique</strong></span> <span class='ocrx_word' id='word_1_186' title='bbox 723 3081 745 3141; x_wconf 92' lang='lat' dir='ltr'><strong>l.</strong></span> <span class='ocrx_word' id='word_1_187' title='bbox 770 3081 792 3144; x_wconf 85' lang='lat' dir='ltr'><strong>t</strong></span> <span class='ocrx_word' id='word_1_188' title='bbox 814 3103 845 3164; x_wconf 87' lang='lat' dir='ltr'><strong>p.</strong></span> <span class='ocrx_word' id='word_1_189' title='bbox 858 3089 931 3150; x_wconf 90' lang='lat'><strong>300.</strong></span> <span class='ocrx_word' id='word_1_190' title='bbox 954 3083 1015 3144; x_wconf 89' lang='lat' dir='ltr'><strong>etsi</strong></span> <span class='ocrx_word' id='word_1_191' title='bbox 1037 3102 1075 3144; x_wconf 88' lang='lat' dir='ltr'><strong>eo</strong></span> <span class='ocrx_word' id='word_1_192' title='bbox 1098 3087 1249 3172; x_wconf 84' lang='lat' dir='ltr'><strong>inclinet,</strong></span> 
     </span>
     <span class='ocr_line' id='line_1_24' title="bbox 215 3187 1250 3281; baseline -0.006 -15"><span class='ocrx_word' id='word_1_193' title='bbox 215 3213 255 3264; x_wconf 89' lang='lat' dir='ltr'><strong>ut</strong></span> <span class='ocrx_word' id='word_1_194' title='bbox 276 3189 310 3264; x_wconf 87' lang='lat' dir='ltr'><strong>et</strong></span> <span class='ocrx_word' id='word_1_195' title='bbox 328 3187 483 3281; x_wconf 84' lang='lat' dir='ltr'><strong>parodias</strong></span> <span class='ocrx_word' id='word_1_196' title='bbox 504 3200 538 3254; x_wconf 88' lang='lat' dir='ltr'><strong>et</strong></span> <span class='ocrx_word' id='word_1_197' title='bbox 559 3187 745 3254; x_wconf 84' lang='lat' dir='ltr'><strong>comoedias</strong></span> <span class='ocrx_word' id='word_1_198' title='bbox 766 3190 806 3251; x_wconf 90' lang='lat' dir='ltr'><strong>ab</strong></span> <span class='ocrx_word' id='word_1_199' title='bbox 830 3188 944 3252; x_wconf 88' lang='lat' dir='ltr'><strong>codem</strong></span> <span class='ocrx_word' id='word_1_200' title='bbox 960 3196 1156 3273; x_wconf 83' lang='lat' dir='ltr'><strong>compositas</strong></span> <span class='ocrx_word' id='word_1_201' title='bbox 1180 3216 1250 3261; x_wconf 83' lang='lat' dir='ltr'><strong>csse</strong></span> 
     </span>
     <span class='ocr_line' id='line_1_25' title="bbox 215 3297 1249 3395; baseline -0.007 -23"><span class='ocrx_word' id='word_1_202' title='bbox 215 3317 327 3395; x_wconf 84' lang='lat' dir='ltr'><strong>putet,</strong></span> <span class='ocrx_word' id='word_1_203' title='bbox 357 3303 463 3367; x_wconf 91' lang='lat' dir='ltr'><strong>adhuc</strong></span> <span class='ocrx_word' id='word_1_204' title='bbox 485 3311 609 3378; x_wconf 83' lang='lat' dir='ltr'><strong>tamen,</strong></span> <span class='ocrx_word' id='word_1_205' title='bbox 633 3297 758 3378; x_wconf 80' lang='lat' dir='ltr'><strong>inquit,</strong></span> <span class='ocrx_word' id='word_1_206' title='bbox 780 3298 822 3358; x_wconf 91' lang='lat' dir='ltr'><strong>lis</strong></span> <span class='ocrx_word' id='word_1_207' title='bbox 845 3306 894 3360; x_wconf 91' lang='lat' dir='ltr'><strong>est</strong></span> <span class='ocrx_word' id='word_1_208' title='bbox 914 3298 973 3359; x_wconf 90' lang='lat' dir='ltr'><strong>sub</strong></span> <span class='ocrx_word' id='word_1_209' title='bbox 995 3299 1112 3378; x_wconf 91' lang='lat' dir='ltr'><strong>judice.</strong></span> <span class='ocrx_word' id='word_1_210' title='bbox 1158 3305 1249 3386; x_wconf 74' lang='lat' dir='ltr'><strong>Quae</strong></span> 
     </span>
     <span class='ocr_line' id='line_1_26' title="bbox 214 3406 1248 3494; baseline 0.001 -13"><span class='ocrx_word' id='word_1_211' title='bbox 214 3439 292 3482; x_wconf 88' lang='lat' dir='ltr'><strong>curn</strong></span> <span class='ocrx_word' id='word_1_212' title='bbox 314 3419 361 3478; x_wconf 86' lang='lat' dir='ltr'><strong>ita</strong></span> <span class='ocrx_word' id='word_1_213' title='bbox 382 3415 465 3490; x_wconf 86' lang='lat' dir='ltr'><strong>sint,</strong></span> <span class='ocrx_word' id='word_1_214' title='bbox 503 3409 568 3489; x_wconf 85' lang='lat' dir='ltr'><strong>jam</strong></span> <span class='ocrx_word' id='word_1_215' title='bbox 590 3412 655 3471; x_wconf 89' lang='lat' dir='ltr'><strong>erit</strong></span> <span class='ocrx_word' id='word_1_216' title='bbox 675 3406 872 3487; x_wconf 76' lang='lat' dir='ltr'><strong>videndum,</strong></span> <span class='ocrx_word' id='word_1_217' title='bbox 909 3429 988 3471; x_wconf 90' lang='lat' dir='ltr'><strong>num</strong></span> <span class='ocrx_word' id='word_1_218' title='bbox 1008 3411 1088 3494; x_wconf 84' lang='lat' dir='ltr'><strong>quid</strong></span> <span class='ocrx_word' id='word_1_219' title='bbox 1109 3417 1248 3483; x_wconf 84' lang='lat' dir='ltr'><strong>fortasse</strong></span> 
     </span>
     <span class='ocr_line' id='line_1_27' title="bbox 216 3500 1248 3613; baseline 0.005 -26"><span class='ocrx_word' id='word_1_220' title='bbox 216 3500 626 3613; x_wconf 63' lang='lat' dir='ltr'><strong>exipsit1sAthen.locis</strong></span> <span class='ocrx_word' id='word_1_221' title='bbox 654 3519 839 3580; x_wconf 84' lang='lat' dir='ltr'><strong>accuratius</strong></span> <span class='ocrx_word' id='word_1_222' title='bbox 867 3520 956 3580; x_wconf 85' lang='lat' dir='ltr'><strong>inter</strong></span> <span class='ocrx_word' id='word_1_223' title='bbox 986 3520 1020 3584; x_wconf 86' lang='lat' dir='ltr'><strong>sc</strong></span> <span class='ocrx_word' id='word_1_224' title='bbox 1049 3531 1248 3610; x_wconf 87' lang='lat' dir='ltr'><strong>comparatis</strong></span> 
     </span>
     <span class='ocr_line' id='line_1_28' title="bbox 215 3626 1247 3722; baseline -0.009 -25"><span class='ocrx_word' id='word_1_225' title='bbox 215 3635 320 3722; x_wconf 86' lang='lat' dir='ltr'><strong>possit</strong></span> <span class='ocrx_word' id='word_1_226' title='bbox 340 3630 517 3694; x_wconf 86' lang='lat' dir='ltr'><strong>enucleari.</strong></span> <span class='ocrx_word' id='word_1_227' title='bbox 580 3626 825 3704; x_wconf 78' lang='lat' dir='ltr'><strong>Evenitcnim,</strong></span> <span class='ocrx_word' id='word_1_228' title='bbox 858 3636 912 3705; x_wconf 90' lang='lat' dir='ltr'><strong>ut,</strong></span> <span class='ocrx_word' id='word_1_229' title='bbox 945 3649 1018 3694; x_wconf 88' lang='lat' dir='ltr'><strong>oum</strong></span> <span class='ocrx_word' id='word_1_230' title='bbox 1040 3630 1158 3696; x_wconf 87' lang='lat' dir='ltr'><strong>Suidas</strong></span> <span class='ocrx_word' id='word_1_231' title='bbox 1180 3636 1247 3698; x_wconf 86' lang='lat' dir='ltr'><strong>dis.</strong></span> 
     </span>
     <span class='ocr_line' id='line_1_29' title="bbox 146 3729 1246 3842; baseline 0.003 -37"><span class='ocrx_word' id='word_1_232' title='bbox 146 3744 149 3764; x_wconf 83' lang='lat'>&#39;</span> <span class='ocrx_word' id='word_1_233' title='bbox 215 3729 332 3828; x_wconf 69' lang='lat' dir='ltr'><strong>putans</strong></span> <span class='ocrx_word' id='word_1_234' title='bbox 354 3749 389 3804; x_wconf 88' lang='lat' dir='ltr'><strong>et</strong></span> <span class='ocrx_word' id='word_1_235' title='bbox 409 3738 450 3802; x_wconf 86' lang='lat' dir='ltr'><strong>dc</strong></span> <span class='ocrx_word' id='word_1_236' title='bbox 471 3737 598 3810; x_wconf 85' lang='lat' dir='ltr'><strong>comico</strong></span> <span class='ocrx_word' id='word_1_237' title='bbox 619 3743 717 3817; x_wconf 85' lang='lat' dir='ltr'><strong>pocta</strong></span> <span class='ocrx_word' id='word_1_238' title='bbox 745 3745 781 3799; x_wconf 90' lang='lat' dir='ltr'><strong>et</strong></span> <span class='ocrx_word' id='word_1_239' title='bbox 807 3735 847 3800; x_wconf 87' lang='lat' dir='ltr'><strong>dc</strong></span> <span class='ocrx_word' id='word_1_240' title='bbox 868 3739 993 3821; x_wconf 90' lang='lat' dir='ltr'><strong>parodo</strong></span> <span class='ocrx_word' id='word_1_241' title='bbox 1016 3747 1246 3842; x_wconf 81' lang='lat' dir='ltr'><strong>provocaverit</strong></span> 
     </span>
    </p>
   </div>
   <div class='ocr_carea' id='block_1_9' title="bbox 218 3862 1245 3982">
    <p class='ocr_par' dir='ltr' id='par_1_9' title="bbox 218 3862 1245 3982">
     <span class='ocr_line' id='line_1_30' title="bbox 218 3862 1245 3982; baseline 0.004 -14"><span class='ocrx_word' id='word_1_242' title='bbox 218 3862 276 3978; x_wconf 49' lang='lat' dir='ltr'><strong>vi)</strong></span> <span class='ocrx_word' id='word_1_243' title='bbox 299 3910 377 3966; x_wconf 86' lang='lat' dir='ltr'><strong>ldem</strong></span> <span class='ocrx_word' id='word_1_244' title='bbox 399 3916 464 3964; x_wconf 80' lang='lat' dir='ltr'><strong>onte</strong></span> <span class='ocrx_word' id='word_1_245' title='bbox 481 3905 565 3960; x_wconf 82' lang='lat' dir='ltr'><strong>Ktst</strong></span> <span class='ocrx_word' id='word_1_246' title='bbox 589 3869 728 3973; x_wconf 83' lang='lat' dir='ltr'><strong>judicavit</strong></span> <span class='ocrx_word' id='word_1_247' title='bbox 746 3906 864 3979; x_wconf 83' lang='lat' dir='ltr'><strong>Stanlej.</strong></span> <span class='ocrx_word' id='word_1_248' title='bbox 883 3912 918 3966; x_wconf 87' lang='lat' dir='ltr'><strong>ad</strong></span> <span class='ocrx_word' id='word_1_249' title='bbox 935 3911 1077 3982; x_wconf 55' lang='lat' dir='ltr'><strong>Aeschyl.¹</strong></span> <span class='ocrx_word' id='word_1_250' title='bbox 1097 3910 1167 3967; x_wconf 82' lang='lat' dir='ltr'><strong>cto.</strong></span> <span class='ocrx_word' id='word_1_251' title='bbox 1184 3915 1245 3972; x_wconf 73' lang='lat'><strong>294.</strong></span> 
     </span>
    </p>
   </div>
   <div class='ocr_carea' id='block_1_10' title="bbox 0 0 1372 4610">
    <p class='ocr_par' dir='ltr' id='par_1_10' title="bbox 0 0 1372 4610">
     <span class='ocr_line' id='line_1_31' title="bbox 0 0 1372 4610; baseline 0 4"><span class='ocrx_word' id='word_1_252' title='bbox 0 0 1372 4610; x_wconf 95' lang='lat' dir='ltr'><strong> </strong></span> 
     </span>
    </p>
   </div>
  </div>
 </body>
</html>
