2736 4610
233 291 287 374 oo

233 515 294 560 nos
322 495 422 586 longa
447 495 726 582 philosophorum
754 498 856 562 series
885 498 1033 565 taedium
1061 505 1198 570 afferret
1226 509 1273 572 ie-

232 607 395 694 gentibus.
461 606 560 688 Cujus
589 603 723 689 quidem
751 603 878 696 dialogi
909 627 1105 695 quamquam
1127 617 1163 676 in
1184 621 1273 705 frag.

233 720 353 780 mentis
375 718 503 796 nulium
525 723 651 778 certum
673 716 851 802 vestigium
872 718 1027 784 relictum
1050 733 1118 787 est:
1163 733 1274 789 tamen

148 828 164 867 '·
231 828 310 891 inde
338 825 569 913 explicandum
603 823 766 903 videtur,
809 825 897 910 quod
923 827 1012 894 Sext.
1036 835 1127 917 Emp.
1151 834 1271 916 Pyrrh.

229 939 318 1022 Hyp.
342 939 366 1000 Ι.
389 943 464 1005 224.
487 933 612 998 Fabric.
639 931 745 997 dicit:
786 932 821 998 ἐν
842 936 986 1010 πολλοῖς
1008 938 1188 1016 ἐπαινέσας
1209 939 1273 1002 τὸν

229 1039 437 1132 Ξενοφάνην,
461 1048 505 1117 ὡς
524 1042 582 1104 καὶ
597 1039 678 1116 τοὺς
696 1040 838 1118 σίλλους
855 1045 1158 1128 considerastine,
1180 1049 1272 1110 ἕποι’-

227 1181 307 1232 ησεν
329 1155 437 1218 αὐτὸν
459 1149 659 1239 ὀδνρόμννον
679 1152 738 1214 καὶ
770 1155 918 1238 λέγοντα
939 1167 999 1223 etc.
1064 1158 1131 1224 Sed
1158 1163 1270 1249 singn-

228 1270 278 1332 los
300 1269 422 1344 libros,
466 1267 615 1350 quamvis
642 1267 738 1330 varia
759 1270 890 1350 forma,
933 1267 1062 1333 easdem
1083 1277 1197 1333 tamen
1217 1289 1270 1333 res

226 1387 383 1442 tractasse
403 1385 516 1442 monet
537 1374 633 1466 Diog.
657 1375 716 1444 ha.
741 1377 799 1441 IX.
824 1387 877 1458 12,
901 1387 973 1448 111.

153 1489 155 1494 ’
309 1489 347 1551 In
369 1491 561 1574 unirersum
583 1490 787 1570 putaverim,
827 1493 918 1553 inter
938 1491 1035 1552 sillos
1056 1489 1269 1572 reliquasque

225 1597 382 1684 parodias
405 1596 583 1658 discrimen
606 1594 812 1658 intercedere
839 1598 951 1657 simile
978 1600 1052 1671 isti,
1099 1597 1188 1678 quod
1217 1606 1269 1660 est

223 1704 408 1770 Hesiodum
430 1706 519 1764 inter
539 1711 572 1763 et
590 1703 786 1764 Homerum.
842 1700 983 1762 Homeri
1006 1704 1094 1763 enim
1116 1707 1267 1765 carmina

223 1821 257 1878 et
277 1809 443 1878 Matronis
465 1807 545 1888 (quo
567 1813 721 1890 tanquam
743 1801 898 1891 prihcipe
917 1807 1010 1886 utor)
1038 1826 1105 1869 non
1135 1805 1176 1869 ad
1199 1809 1264 1869 ali-

96 1931 100 1942 '
221 1941 278 1987 um
298 1919 397 1982 finem
419 1917 602 1999 composita
624 1926 720 1996 sunt,
756 1919 823 1980 nisi
844 1921 902 2004 qui
924 1921 959 1980 in
975 1911 1063 2002 'ipsis
1084 1920 1169 1981 situs
1189 1923 1262 1992 νοις

186 2041 189 2048 “
220 2032 292 2096 silli
322 2038 432 2092 autem
453 2023 659 2112 Hesiodique
685 2028 833 2090 camnine
859 2050 898 2092 ea
930 2027 971 2092 de
999 2047 1096 2091 causa
1125 2029 1263 2114 potissi-

108 2113 116 2154 ⁵
220 2162 311 2220 mum
332 2142 515 2223 composito
537 2151 630 2221 sunt,
666 2150 706 2203 ut
725 2140 780 2204 vel
802 2138 957 2218 doceant,
989 2129 1189 2202 reitollant
1209 2155 1260 2213 ea,

219 2273 304 2338 quae
330 2251 371 2314 ab
403 2251 478 2312 aliis
512 2249 611 2314 docta
637 2261 724 2314 sunt
790 2249 894 2312 Sillos
923 2251 1055 2335 igitur,
1100 2255 1261 2328 qnatenus

219 2359 378 2450 parodice
397 2361 616 2442 compositos,
646 2381 713 2429 non
735 2359 858 2436 injuria
879 2356 1049 2418 vocaveris
1079 2351 1260 2412 didacti-

218 2491 283 2536 cns
312 2466 524 2554 parodias.
571 2523 573 2528 ,
639 2501 642 2508 =

225 2621 230 2640 .
301 2577 475 2638 Timonem
497 2588 595 2646 vern,
637 2575 675 2628 ut
697 2577 769 2630 erat
790 2560 945 2630 acerrimi
969 2571 1099 2656 ingenii
1113 2570 1162 2647 ¹),
1204 2570 1257 2630 iu-

192 2707 295 2778 ,gere
316 2702 382 2745 non
403 2688 604 2763 potuerunt,
632 2699 715 2762 quae
737 2667 854 2764 parum
876 2689 967 2745 certa
988 2690 1096 2745 essent
1117 2681 1153 2740 in
1174 2676 1257 2766 dog·-

216 2795 346 2861 maticis
375 2789 653 2876 philosophorum
682 2793 876 2871 systematis.
944 2793 993 2854 De
1021 2790 1140 2874 quibus
1166 2789 1255 2870 judi-

214 2908 302 2970 cium
332 2903 412 2965 tulit
442 2900 637 2982 plerumque
674 2920 752 2962 sane
789 2883 1009 2978 maledicum
1052 2898 1109 2963 sed
1141 2909 1254 2961 tamen

213 3031 349 3077 munere
371 3014 419 3071 ita
439 3012 570 3070 iunctus
593 3015 661 3086 est,
703 3017 741 3070 ut
775 3010 810 3070 in
839 3011 1007 3092 plerisque
1029 3029 1100 3084 rem
1121 3030 1182 3071 acu
1203 3018 1252 3072 tn·

214 3131 300 3186 ctam
335 3139 403 3184 esse
433 3117 586 3191 fatearis,
631 3123 664 3176 et
685 3117 775 3198 'quae
813 3119 1055 3182 recentioribus
1089 3120 1251 3182 historiae

211 3229 463 3318 philosophicae
505 3225 624 3308 peritis
664 3223 855 3290 hominibus
894 3229 1089 3292 viderentur
1122 3247 1250 3294 summa

96 3361 98 3368 ’
212 3352 310 3424 atque
334 3339 426 3424 quasi
449 3334 549 3398 cardo
571 3334 797 3417 philosophici
818 3339 1003 3417 systematis
1023 3340 1077 3404 vel
1099 3342 1248 3422 ipsorum

212 3451 489 3535 philosophorum
516 3448 615 3526 vitia,
653 3446 772 3510 'eadem
801 3448 854 3510 vel
878 3449 1001 3511 Timon
1028 3451 1246 3537 impugnaret.

212 3561 262 3624 Ita
300 3563 334 3621 in
371 3563 486 3646 fragm.
522 3558 609 3640 apud
638 3511 749 3646 Β*
765 3561 824 3622 La.
854 3558 911 3626 IX.
943 3572 977 3639 1,
1007 3566 1038 3630 6.
1071 3561 1258 3624 Heraclito*

210 3661 352 3758 Ephesio
372 3677 548 3734 vertuntur
568 3671 653 3733 vitio
681 3678 751 3732 tum
773 3671 946 3736 fastidiosa
967 3673 1246 3756 animivsuperbia

243 3841 271 3906 1)
295 3836 382 3906 Diog.
400 3835 452 3891 La.
479 3834 531 3890 IX.
550 3837 599 3906 12,
618 3839 676 3894 ut.
701 3827 734 3907 ἤν
757 3835 787 3894 di
805 3845 851 3895 ani
873 3833 935 3904 diis
956 3837 1051 3910 νοῆσαι
1074 3845 1118 3894 ant
1132 3833 1244 3910 ,tospo-

216 3951 219 3966 ¹
293 3933 417 4001 cayphas
557 3939 560 3946 '
