2736 4610
153 266 172 307 '
406 361 408 366 ι
622 333 625 342 2
1112 257 1166 373 ιι

126 495 200 561 XV.
223 516 256 580 p.
266 497 342 564 698.
363 491 397 555 Β.
420 489 502 554 haec
522 474 636 554 habet:
679 487 814 574 εὑρετὴν
833 493 897 552 τοῦ
919 488 1036 572 piscor
1056 493 1160 579 (παρ.

125 607 251 708 pierio)
281 599 495 663 Ιππώνακτα
518 597 647 682 φατέον
673 597 735 662 τὸν
764 597 972 684 ἰαμβοποιόν.
1031 601 1161 672 Contra

12 735 13 784 ι
125 699 266 804 Aristot
298 713 388 776 Poet.
411 711 464 773 ΙΙ.
477 718 506 780 b.
543 703 637 808 liujus
674 712 801 775 inventi
835 713 977 800 gloriam
1009 711 1160 775 vindicat

117 825 312 912 [Hegemoni
333 823 485 884 Thasio.
534 803 599 882 Sed
628 817 668 881 de
701 819 763 881 hac
791 841 828 883 re
849 819 929 904 quid
950 818 1160 886 statuendum

125 936 189 1014 sit,
211 931 310 994 facile
331 932 462 994 intellio·
441 933 547 1019 gitur,
570 927 598 990 s'i
621 939 685 1013 qno
707 937 847 1012 uterque
867 931 991 993 vixerit
1011 939 1160 1015 tempore

126 1043 330 1126 respicimus.
393 1039 574 1120 Hipponax
596 1037 684 1097 enim
704 1029 821 1099 floruit
842 1039 931 1100 cir‘ca
954 1033 1005 1100 01.
1029 1044 1082 1107 60.
1116 1043 1157 1102 cf.

12 1133 13 1138 ἵ
124 1149 245 1214 Marm
269 1150 355 1211 Par..
364 1147 421 1230 Ep.
444 1151 496 1214 43.
545 1145 771 1232 Hegemonem
793 1169 872 1212 vero
893 1151 976 1214 belli
997 1151 1160 1252 Pelopon

12 1305 13 1334 ι
125 1260 248 1323 nesiaci
275 1266 425 1340 tempore
455 1254 578 1316 vixisse
611 1252 756 1316 ostendit
784 1257 901 1320 Athen.
931 1259 988 1324 ΙΧ.
1027 1282 1058 1345 p.
1081 1265 1157 1330 407.

12 1347 13 1366 ἶ
124 1365 175 1430 Ita
196 1387 271 1429 cnm
292 1370 465 1449 appareat,
488 1358 530 1422 de
551 1361 705 1424 inventae
721 1360 879 1444 parodiae
901 1367 1010 1452 gloria
1031 1380 1160 1438 certare

12 1453 13 1530 ss
124 1496 191 1538 non
222 1494 318 1560 posse
343 1471 569 1570 Hegemonem
608 1491 683 1532 cum
719 1471 954 1555 Hipponacte.
1000 1465 1160 1559 quatenus

123 1593 231 1647 tamen
252 1602 332 1648 vere
353 1579 478 1642 dixerit
498 1578 652 1656 Aristot,
679 1588 794 1662 postea
815 1581 981 1663 explicare
1003 1585 1157 1650 conabor.

123 1693 258 1757 Tertius
281 1690 422 1773 denique
443 1685 588 1766 ac'cedit,
611 1691 668 1771 qui
687 1686 753 1752 de
742 1701 895 1755 inventae
909 1692 1078 1776 parodiae
1086 1696 1159 1778 pal

122 1823 176 1865 ma
197 1805 233 1864 in
255 1817 387 1860 arenam
411 1789 608 1857 descendere
626 1794 797 1878 videatur,
827 1791 957 1887 Hippys
980 1804 1084 1893 Rhegi·
1051 1825 1156 1868 ornus.

121 1911 213 1974 Huic
235 1908 324 1969 enim
344 1899 437 1964 Suid
460 1921 484 1962 ε.
506 1921 537 1964 v·
563 1899 657 1975 Ῑπῡς
678 1913 712 1968 ot
732 1903 853 1970 Eudoc·
875 1933 906 1993 p
924 1916 1001 1980 245.
1024 1913 1159 1997 parodi

12 2065 13 2096 ι
122 2035 162 2078 ae
196 2012 421 2074 inventionem
447 2008 607 2068 tribuunt
674 2009 762 2088 Quos
794 2025 976 2095 sequuntur
1002 2022 1069 2082 Lil.
1091 2022 1159 2104 Gy-

121 2120 207 2187 rald.
230 2116 271 2182 de
291 2117 396 2208 Poett
419 2113 495 2174 hist
529 2112 590 2193 Op.
603 2111 646 2174 11.
668 2121 786 2196 p.488.
835 2111 960 2188 Fabric.
982 2125 1007 2189 Ι.
1037 2133 1160 2211 p.550.-
1283 2189 1289 2202 ,

29 2204 34 2222 ’
121 2225 244 2318 Ftogtt.
266 2225 291 2290 I.
314 2201 435 2309 pata.
480 2219 523 2281 At
544 2217 631 2282 hunc
652 2220 760 2285 laudis
780 2223 1029 2346 Hipponacteae
1051 2257 1160 2301 aemu-

120 2344 192 2406 lum
223 2338 410 2418 conjectura
443 2330 597 2416 quidem,
640 2331 697 2397 sed
729 2345 820 2398 certa
841 2358 900 2419 ea,
925 2338 973 2405 si
994 2365 1058 2427 qua
1079 2349 1158 2429 alia,

121 2449 325 2515 susmlemnt
352 2444 483 2506 Kiister
518 2417 1159 2534 adsmd.1.t.etvvelcker.intt-

106 2560 204 2639 bro,
243 2556 301 2640 qui
333 2554 544 2616 inscribitur:
590 2554 753 2640 »Hippon
786 2567 820 2620 et
846 2558 955 2626 Auen.
988 2563 1156 2664 Jambogr.

121 2674 238 2758 fragm.
248 2665 324 2732 coll.
336 2661 529 2728 Welcker.«
555 2661 703 2772 Gotting.
717 2673 814 2747 1817,
842 2671 891 2732 ita
909 2674 978 2733 ut'
967 2657 1032 2753 Jam
1054 2677 1159 2760 ipsius

122 2777 245 2843 Suidae
267 2775 447 2837 auctoritas
468 2789 529 2855 pro
547 2751 757 2876 Hipponacte
776 2777 976 2846 contendere
993 2781 1156 2848 videatur.

208 2885 325 2968 Neque
356 2891 466 2944 tamen
488 2869 659 2942 Polemoni
691 2880 906 2967 parodiarum
933 2891 1158 2959 inventionem

122 2995 335 3060 transferenti
356 2989 398 3053 ad
419 2991 630 3074 Hipponacta
658 2993 706 3053 ita
727 2991 807 3056 fides
835 2994 984 3076 hebenda
997 2997 1000 3004 '
1013 3010 1079 3083 est,
1119 3013 1159 3067 ut

123 3107 288 3169 neminem
308 3123 451 3185 unquam
479 3108 555 3161 ante
583 3101 691 3184 ipsum
718 3102 834 3166 lusisse
861 3106 1010 3189 parodiis
1044 3114 1157 3176 existi·

122 3232 268 3288 memus3
310 3209 456 3273 sednon
478 3201 649 3289 habemus,
678 3213 735 3293 qui
756 3211 966 3296 Hipponacte
987 3222 1159 3304 antiquior

123 3323 348 3405 composuerit
373 3317 538 3404 parodias.
601 3318 699 3404 Apud
725 3320 871 3386 Graecos
902 3335 1012 3389 antem
1040 3329 1158 3394 Rome.

123 3451 249 3514 nosque
269 3433 349 3495 novi
368 3427 538 3493 scribendi
558 3433 689 3518 generis
710 3432 859 3508 inventio
882 3435 1091 3501 tribuebatur
1111 3441 1156 3522 ei,

124 3541 183 3625 qui
204 3540 330 3624 primus
351 3541 499 3624 quamvis
519 3537 650 3620 pridem
670 3547 784 3601 natum
805 3536 848 3601 ad
875 3551 981 3608 certas
1002 3549 1084 3610 artis
1100 3567 1157 3614 ‘re-

124 3651 217 3740 gulas
239 3650 459 3724 revocarat).
524 3645 621 3728 Quod
645 3646 686 3711 de
720 3646 870 3731 parodiis
891 3658 1085 3736 praesertim
1106 3655 1157 3720 di-

151 3803 187 3908 ἰ)
207 3840 314 3898 uatem
331 3819 376 3896 'ae
402 3856 487 3895 causa
513 3839 649 3896 metum
671 3842 745 3915 apua
768 3843 840 3900 Hor.
867 3843 891 3902 1.
909 3847 960 3914 ιι,
975 3847 1018 3904 se.
1047 3847 1157 3904 actm

209 3935 317 4018 satirae
336 3933 482 4002 inventor,
517 3934 554 3991 ef.
573 3933 677 3991 Heind.
696 3936 731 3992 ad
750 3938 777 3992 b.
797 3939 818 3993 1.
840 4015 842 4018 Ι
871 3929 873 3936 ⁴
