2736 4610
227 265 277 345 12

225 473 375 550 piorum:
411 464 611 534 recentiores
629 462 701 525 W.
716 463 789 526 DD.
808 483 878 534 rem
900 467 1000 530 etiam
1021 467 1138 556 altius,
1155 485 1258 560 'quam

224 575 285 638 illi.
300 581 449 658 repetere
471 573 580 638 conati
601 580 686 638 sunt.
736 571 943 637 Exstiterunt
963 577 1073 656 enim,
1107 577 1164 660 qui
1185 576 1257 638 Ho-
1362 572 1363 595 ¹

216 706 351 780 ⁸merum
371 686 478 765 ipsum
499 679 656 764 parodiae
678 685 824 766 primum
853 686 1038 769 exemplum
1067 687 1257 768 praebuisse

102 859 105 878 ι
222 769 373 864 dicerent
389 792 444 873 l),
486 811 527 852 ex
547 809 585 852 ea
606 793 736 856 scilicet
756 796 936 878 sententia,
979 814 1062 879 quac
1082 796 1258 878 cujuslibet

209 885 346 986 'poetici
391 901 520 990 genesis
560 899 746 982 posteriore
790 909 938 986 tempore
982 902 1106 984 exculti
1128 905 1257 998 ¹ipsum

193 1081 196 1088 ,
220 1014 405 1078 Homerum
425 1005 602 1071 contendat
623 1026 692 1078 esse
714 1016 892 1084 auctorem.
906 1031 919 1048 ²
934 1011 1017 1090 Eum
1038 1013 1144 1100 igitur
1162 1013 1257 1100 'ajunt
1363 1005 1364 1010 ’

219 1133 375 1208 tanquam
406 1133 482 1186 euos
510 1118 619 1200 ipsum
645 1139 768 1198 versus.
787 1119 927 1203 parodia
954 1122 1140 1184 imitantem
1161 1123 1198 1182 in
1218 1139 1256 1184 re

219 1231 376 1296 dissimili
397 1228 493 1300 nobis
514 1247 618 1309 paene
639 1231 766 1313 similes
787 1231 953 1312 exhibere.
1012 1227 1110 1310 Cujus
1131 1232 1184 1304 rei
1205 1237 1255 1292 ta·

217 1342 267 1418 lia
288 1337 437 1420 exempla
458 1338 622 1411 afferunt,
650 1347 696 1400 'ut
719 1336 779 1401 Od.
801 1339 859 1402 III.
881 1347 968 1419 271,
1001 1341 1057 1404 cui
1076 1337 1255 1424 versuilsi-

217 1449 379 1523 millimus
398 1455 449 1510 est
480 1443 745 1524 11.vxvss.,151.
810 1444 877 1512 Sed
903 1457 1031 1512 tantum
1051 1447 1174 1534 abluit,
1214 1454 1254 1510 ut

138 1558 142 1564 ’
216 1569 316 1642 poeta
337 1559 479 1626 alterum
498 1554 869 1636 versumpronuntians
900 1556 1037 1623 haberet
1068 1558 1104 1634 in
1131 1545 1252 1646 mente,

216 1689 252 1732 se
272 1665 391 1732 iisdem
404 1682 517 1747 ‚paene
545 1664 656 1736 verbis
681 1664 748 1744 jam
773 1667 842 1729 alio
873 1667 948 1729 loco
979 1686 1076 1728 usum
1108 1685 1177 1728 esse
1209 1659 1252 1726 ad

216 1772 586 1858 exprimendamaliam
608 1777 802 1852 sententiam
831 1775 975 1857 (necesse
996 1775 1085 1855 enim
1106 1780 1174 1860 est,
1188 1782 1252 1862 „ut

215 1886 273 1967 qui
295 1879 467 1967 perediam
488 1883 677 1964 componit,
699 1886 945 1976 certumalium
958 1886 1069 1948 locum
1086 1885 1123 1944 in
1142 1890 1251 1974 menta

214 1993 364 2072 habeat,
382 1994 425 2054 of.¹
446 2009 546 2075 supra
567 2011 598 2074 p.
610 1988 673 2069 7.)‚
701 2000 740 2054 ut
761 1991 922 2074 ejusmodi
942 2011 1055 2063 uersus
1076 1995 1250 2086 incorum

213 2121 388 2169 numerum
408 2097 577 2164 referendi
598 2093 725 2178 essent,
761 2121 842 2194 quos
863 2122 960 2185 saepe
981 2081 1146 2194 repetitos
1162 2097 1251 2186 apud

212 2210 429 2284 Homerum
419 2210 565 2282 inveniri
585 2226 660 2288 pro
669 2211 853 2307 carminum
885 2220 1006 2300 natura
1031 2231 1127 2273 nemo
1150 2212 1250 2270 mira-

212 2331 317 2386 tur..
345 2320 397 2384 Ne
424 2329 496 2382 tum
525 2316 657 2402 quidem
685 2319 844 2402 parodiae
872 2339 992 2381 nomen
1018 2319 1070 2380 his
1097 2319 1247 2400 versibus

211 2429 426 2502 tribuendum
459 2449 528 2492 csse
560 2441 745 2509 censerem,
787 2430 818 2490 si
853 2426 1137 2490 demonstraretur
1162 2428 1250 2516 alter

211 2561 280 2602 non
300 2539 342 2602 ab
357 2538 524 2616 Homero,
546 2535 604 2601 sed
625 2556 645 2598 a
665 2505 836 2622 rhapsodo
855 2537 997 2598 insertus
1020 2558 1097 2600 esse.
1141 2504 1249 2598 Missa

209 2649 316 2734 igitur
336 2644 400 2706 hac
418 2647 598 2723 sententia,
637 2665 720 2729 quae
741 2644 925 2708 Homerum
947 2665 1023 2708 suos
1045 2647 1154 2734 ipsum
1175 2665 1249 2709 ver-

209 2775 263 2820 sus
284 2751 425 2839 parodia
445 2754 611 2815 imitatum
632 2774 701 2822 esse
723 2752 920 2832 contendat,
954 2752 996 2815 ad
1016 2763 1143 2818 veteres
1164 2755 1248 2815 scri-

209 2875 321 2950 ptores
342 2855 580 2942 recurrendum
599 2861 659 2940 est
702 2860 811 2948 Atque
827 2862 961 2927 Polemo
977 2864 1005 2942 ²)
1027 2860 1116 2948 apud
1127 2863 1244 2926 Athen.

241 3039 269 3098 1)
289 3035 427 3106 Stephon.
451 3033 535 3086 non.
563 3037 594 3086 et
610 3033 679 3088 Hes.
698 3032 779 3090 cert.
802 3051 833 3106 p.
849 3033 892 3088 tl.
925 3033 1032 3090 Pered.
1048 3049 1120 3092 mor.
1143 3053 1173 3108 p.
1186 3039 1244 3094 tal.

292 3129 465 3222 Stephanum
485 3125 614 3196 sequitur
632 3127 716 3183 stiam
735 3124 842 3184 Moser.
862 3129 882 3181 l.
894 3128 913 3180 l.
931 3127 1050 3197 pm,
1078 3145 1245 3201 quemquam

292 3224 382 3291 longe
401 3235 485 3276 antea
504 3237 565 3274 eum
584 3223 735 3276 refellerit
752 3219 870 3276 Sollier.
889 3216 1031 3276 niseum
1049 3225 1149 3292 aloa.

239 3347 269 3416 2)
290 3345 468 3414 Magnopere
491 3339 644 3395 dolendum
669 3347 730 3405 est,
765 3339 932 3394 Polemonis
956 3357 1028 3412 opus
1046 3343 1081 3398 ed
1097 3341 1244 3403 Timaeum

277 3423 353 3506 crept
370 3434 426 3491 τῶν
441 3432 491 3490 eds
506 3432 644 3504 παρῳδίας
662 3431 837 3505 γεγραφότων
854 3453 909 3490 non
925 3447 1067 3490 ¹serratum
1086 3455 1164 3510 esse,
1191 3461 1242 3498 cu-

288 3534 336 3600 jus
355 3529 460 3584 librom
479 3528 674 3584 duodecimum
693 3529 790 3582 laudat
806 3528 911 3584 Athon.
964 3529 1029 3583 Non
1055 3533 1168 3588 dubium
1186 3546 1240 3602 est,

288 3625 358 3696 quin
376 3626 497 3680 Polemo
514 3623 553 3680 sit
571 3623 611 3690 ie,
642 3624 783 3693 quialias
801 3623 961 3678 nominatur
977 3611 1164 3696 Periegetes,
1198 3627 1240 3682 vi-

288 3736 357 3776 vens
376 3717 455 3776 circa
470 3721 521 3774 2⁰0
539 3735 563 3774 a.
583 3719 651 3774 Chr.
690 3719 732 3772 De
751 3717 908 3770 Polemone
926 3716 1025 3774 Stoico
1044 3721 1172 3790 cogitare
1191 3733 1240 3775 ve·

291 3824 332 3870 tat
350 3814 396 3868 vel
422 3823 578 3884 temporum
603 3810 694 3877 ratio,-
731 3825 793 3862 com
818 3811 915 3864 eodem
931 3813 1003 3867 dih.
1030 3821 1102 3870 teste
1119 3813 1240 3874 Polemo

231 3915 233 3920 '
287 3905 448 3965 laudaverit
464 3906 637 3994 epigramma
653 3901 817 3960 Alexandri
834 3904 945 3960 Aetoli.
