2736 4610
206 273 264 378 '14

212 497 434 570 ctumvelim.
477 496 549 562 Nec
569 496 691 581 scinne
710 493 820 576 enim,
841 495 916 579 quie
937 494 1065 579 primus
1084 514 1138 560 aaa
1159 513 1250 568 com·

211 609 383 691 posuerit,
415 583 554 672 etaoira
575 626 634 669 noa
655 626 722 670 non
743 625 838 689 posce
860 602 980 668 docent
1000 625 1059 685 ea,
1091 624 1173 688 quae
1194 623 1249 668 su-

210 735 272 800 pra
293 715 334 782 de
354 738 468 792 earum
489 715 620 802 origine
641 693 817 798 disputavi.

216 885 219 892 .
295 825 586 908 DeHipponactia
607 822 679 887 v'ita
700 831 735 886 et
755 821 888 904 scriptis
921 823 990 909 egit
1009 822 1184 912 Welcltar.
1207 826 1249 900 li·

211 933 291 1014 tro,
320 955 418 1018 quom
432 929 583 1017 laudavi.
634 926 867 996 ‚Parcdiarum
888 911 979 1011 ejus,
1007 911 1090 1016 uuae
1112 953 1257 996 consen..

211 1052 343 1117 taneum
364 1051 414 1115 eat
433 1060 484 1104 me
502 1039 667 1120 respicere
688 1036 797 1115 colas,
831 1038 1049 1124 fragmentum
1071 1058 1172 1130 unum
1194 1061 1247 1104 re·
1365 1107 1366 1126 ἒ

210 1135 276 1216 sut
296 1148 384 1234 apua
402 1147 520 1209 amen.
542 1142 617 1207 xv.
649 1163 680 1226 p.
698 1147 774 1212 oca
796 1144 832 1206 u.
867 1149 907 1208 ca
930 1145 1105 1238 werona.
1138 1171 1169 1233 p.
1191 1156 1246 1218 79.
1365 1135 1366 1186 1

208 1258 284 1322 Hoc
310 1260 341 1318 ei
363 1257 497 1338 Polemo
526 1253 614 1338 apud
636 1255 756 1318 Athen.
791 1259 813 1319 l.
836 1259 859 1320 l.
891 1262 1034 1319 sumtum
1060 1275 1128 1319 eece
1163 1257 1248 1321 dicit
1314 1311 1322 1326 a

151 1444 153 1452 η
209 1387 251 1432 ex
270 1365 491 1448 Hipponactis
513 1363 733 1442 hexametris,
774 1363 910 1442 videtur
930 1364 1108 1431 discrimen
1128 1369 1245 1430 fecisse

209 1479 298 1542 inter
318 1475 494 1561 parodias,
534 1485 573 1538 ut
594 1481 848 1537 consentaneum
871 1483 934 1562 est,
978 1475 1114 1538 heroico
1135 1482 1244 1538 metro

208 1591 410 1672 compositae
434 1595 467 1650 et
481 1585 641 1660 ,carmina
661 1581 883 1664 Hipponactis
912 1582 1062 1644 iambica.
1127 1581 1243 1661 Neque

209 1701 297 1764 cuim
324 1703 456 1778 praeter
484 1692 549 1754 hoc
578 1699 687 1752 exstat
716 1691 937 1777 fragmentum
971 1694 1240 1770 hexametricum.

125 1835 130 1844 ·
206 1806 257 1868 De
278 1814 397 1866 natura
417 1821 497 1866 vero
523 1809 557 1864 et
584 1798 698 1885 indole
721 1798 935 1884 parodiarum
958 1823 998 1866 ex
1020 1805 1241 1876 minutissimo

206 1918 390 2002 fragmento
418 1913 477 1992 cin
501 1913 627 1995 poterit
656 1910 835 1994 quidquam
867 1912 993 1998 colligi.
1056 1911 1149 1976 Haec
1170 1909 1242 1974 tan-

166 2043 170 2051 ·
206 2033 277 2088 tum
303 2023 572 2106 perspiciuntur,
615 2028 648 2082 et
665 2023 910 2114 fragmentum,
955 2017 1043 2104 quod
1074 2030 1240 2086 servatum

206 2143 277 2213 oct,
320 2113 421 2194 suieee
447 2132 489 2192 'in
518 2131 617 2192 initio
646 2130 801 2190 carminis
829 2130 996 2211 potitum,
1040 2141 1073 2194 et
1105 2135 1239 2196 omnino

207 2243 271 2313 hoc
293 2244 501 2326 inpoemate
522 2241 673 2304 versibus
694 2241 868 2318 maximam
901 2250 1030 2321 partem
1050 2242 1240 2304 Homericis

206 2354 343 2416 irrisum
374 2369 443 2414 esee
467 2349 644 2426 'helnonem
669 2346 831 2430 quendam
857 2351 990 2410 nomine
1017 2345 1240 2430 Eurymedon-

205 2462 249 2528 tie
271 2458 475 2543 praeditum,
501 2447 556 2521 vel
577 2458 683 2518 filium
703 2455 1130 2543 Eurymedontis-(fluctuat
1151 2460 1240 2520 euim

205 2547 332 2648 lectio),
355 2566 519 2650 quomodo
536 2565 624 2628 diem
642 2566 766 2628 obierit
779 2586 977 2650 supremum.
1012 2564 1107 2648 Quod
1124 2587 1238 2650 qnam-

204 2697 302 2761 quam·
322 2673 469 2738 dictione
490 2676 699 2758 potissimum
720 2673 901 2736 Homerica
922 2677 1045 2738 factum
1066 2684 1132 2770 est,
1164 2647 1238 2736 ,non

202 2796 312 2864 tamen
326 2786 493 2848 continuit
503 2805 538 2848 ee
553 2793 651 2867 poeta
665 2765 686 2846 a
698 2784 810 2848 verbis
825 2785 959 2848 sibimet
976 2788 1041 2868 ipsi
1059 2794 1092 2848 et
1104 2784 1237 2866 quidem
1293 2782 1298 2788 ’

202 2897 282 2960 catio
303 2893 460 2960 audacter
481 2901 514 2956 et
534 2890 676 2956 ridicule
698 2893 784 2956 lictis
810 2903 845 2957 et
869 2896 959 2956 inter
979 2915 1014 2956 ce
1035 2891 1235 2976 componitis.

201 3001 316 3085 Itaque
331 3005 367 3064 in
383 3002 447 3063 hoc
457 2975 747 3091 quoquecarmine
760 3002 908 3065 moribus
920 3004 987 3064 auis
999 3011 1150 3066 constans
1161 3023 1237 3087 per-

201 3103 342 3174 etrinnit⁴
354 3112 536 3195 Hipponax
557 3131 624 3174 non
640 3110 774 3194 quidem
790 3111 990 3189 Homerum,
1012 3109 1069 3174 aed
1086 3112 1235 3176 Homero

199 3239 278 3284 neus
299 3221 473 3284 helnonem
488 3221 681 3284 voracitatis
699 3238 820 3300 poenas
837 3215 977 3282 dantem.
1019 3219 1068 3283 Ac
1084 3225 1235 3304 proiecto

201 3328 464 3409 consideranter,
487 3339 691 3416 quantopere
703 3326 1068 3392 dietet'llomericorum
1080 3348 1242 3412 veranum

200 3437 385 3500 sublimitas
406 3459 427 3501 a
446 3441 509 3502 vili
531 3457 659 3516 rerum,
690 3457 771 3520 quaa
793 3439 998 3521 exprimunt„
1017 3429 1233 3524 'humilitate

140 3553 144 3564 “
199 3565 267 3608 non
295 3565 465 3630 possumus
488 3570 554 3620 non
576 3546 689 3612 dolere
710 3547 877 3633 perditum
899 3548 994 3612 nobie
1016 3569 1085 3613 esee
1105 3570 1232 3635 poema,

198 3652 341 3736 prodens
362 3654 448 3718 illud
469 3658 602 3740 quidem
627 3660 853 3745 Hipponacta,
886 3661 944 3744 qui
968 3660 1050 3747 aliae
1077 3669 1232 3750 tanquam

198 3763 427 3828 acerbissimus
441 3764 771 3853 mordacissimusque
789 3788 856 3851 nou
873 3770 944 3832 ciue
959 3770 1045 3850 jueta
1058 3785 1155 3830 cauea
1172 3784 1233 3828 no-
1257 3827 1266 3842 ,

197 3879 297 3954 tetur,
318 3871 457 3939 eundem
470 3879 612 3943 valuisse
634 3879 806 3970 hilaritate
826 3879 1018 3968 ingeniique
1038 3879 1229 3942 festivitate.

491 3997 929 4018 m
