2736 4610
1082 241 1134 322 tt

102 467 340 532 incubuerunt:
382 459 447 540 iam
468 453 691 542 quaerendum
711 459 781 534 est,
815 441 880 536 qno
902 469 988 514 nexu
1008 457 1061 513 tot
1082 448 1159 512 res'

102 587 235 659 tamque
251 572 400 638 diversae
419 568 694 655 philosophorum
716 582 874 646 personae
895 564 991 656 inter¹
1004 581 1039 623 se
1059 581 1138 624 con·

103 685 210 766 juncti
235 683 368 744 fuerint.
433 679 504 758 Qua
525 675 623 739 dere
644 675 866 754 conjecturam
889 669 1021 755 quidem
1043 669 1135 732 Paul.

107 813 138 875 p.
161 798 215 858 95.
244 789 417 874 proposuit
444 805 534 862 eam,
577 792 615 846 ut
634 783 851 867 philosophos
871 785 1010 856 fortasse
1032 785 1067 843 in
1090 762 1138 844 fa*-

108 901 187 963 bnla
213 899 352 984 qriadam
379 904 527 985 persates
556 913 645 971 esse,
686 894 741 956 vel
756 891 911 982 pugnam
939 901 1139 962 commisisse

108 1010 216 1073 dicat:
235 1008 293 1072 sed
314 995 434 1089 abjecit
455 1005 525 1086 ipse
546 1012 678 1086 postea,
698 1003 758 1064 ubi
779 1005 815 1064 in
836 1007 1028 1091 fragmentis
1048 1009 1141 1071 nulla

21 1195 22 1218 χ
108 1123 189 1202 ejus·
209 1123 260 1184 rei
291 1118 433 1202 vestigia
463 1111 707 1176 animadvertit.
741 1179 743 1184 ,
771 1111 858 1175 Sunt
885 1123 1015 1199 tamen,
1058 1140 1143 1202 quae

108 1231 329 1310 conjecturam
352 1223 499 1287 deicito
522 1221 702 1282 certamine
723 1223 936 1302 confirment,
968 1235 1006 1287 nt
1026 1229 1141 1314 fragm.

20 1382 21 1394 ,
110 1337 198 1424 apud
218 1337 321 1400 Clem.
343 1333 435 1396 Alex.
457 1329 646 1394 Strom.·V.
679 1353 711 1415 p·
735 1337 808 1398 550.
831 1333 871 1395 D.
894 1332 985 1414 Sylb.
1028 1337 1143 1402 Euseb.

69 1517 71 1530 .
109 1451 224 1530 Praep-
248 1441 408 1509 ovleV.
431 1463 464 1526 p·
484 1447 562 1511 763·
607 1442 704 1528 Diog·
726 1443 785 1502 La.
809 1439 865 1502 IX.
891 1450 926 1518 1,
949 1448 997 1523 6.‚
1031 1449 1146 1530 impri-

110 1561 173 1620 mis
196 1555 248 1634 id,
273 1552 361 1638 quod
383 1561 432 1615 est
452 1550 540 1635 apud
562 1549 701 1614 eundem
722 1551 779 1612 IV.
803 1556 841 1629 6,
862 1554 917 1618 42.
956 1554 1009 1615 Ex
1029 1560 1149 1635 quihus

111 1688 180 1730 non
200 1668 272 1728 sine
294 1675 391 1725 cansa
412 1662 571 1747 colligere
592 1639 678 1722 mihi
698 1658 835 1739 videor,
871 1657 1068 1726 sermonum*
1080 1688 1150 1730 cer-

112 1786 224 1839 tamen
251 1775 440 1836 institutum
467 1790 536 1834 esse
552 1769 582 1832 'a
610 1757 819 1853 philosophie
850 1773 887 1833 in
914 1785 1013 1856 parte.
1034 1779 1150 1842 saltem

116 1889 277 1948 stilorum.
339 1879 456 1963 Ne'que
478 1879 608 1956 obstat,
629 1878 733 1974 'qnod
755 1881 852 1969 Diog.
875 1883 911 1943 in
931 1886 1040 1966 primo
1062 1888 1150 1950 libro
1268 1889 1273 1900 '

118 1989 363 2071 αὐτοδιήγητον
382 1986 564 2062 fuissentne
586 1988 755 2075 ἑρμηνείαν
777 1993 930 2054 Timonis
951 1993 1056 2061 tradit
1069 1997 1086 2070 35
1115 1997 1152 2060 id

20 2141 21 2146 κ
119 2104 209 2166 enim
231 2098 411 2185 opponitur
442 2105 570 2160 tantum
592 2094 775 2186 dialogicae
803 2110 988 2164 ceterorum
1015 2105 1151 2170 formae.

120 2211 188 2276 Sed
220 2209 260 2274 de
292 2211 395 2272 totius
428 2207 538 2291 operis
568 2214 808 2292 compositione
843 2208 921 2273 inde
956 2213 1161 2286 concludere

120 2320 301 2406 quidquam
321 2337 457 2399 vereor,
497 2316 619 2400 quippe
647 2340 786 2407 gnarus,
828 2340 925 2404 quam
953 2320 1082 2383 lubrica
1099 2327 1155 2386 sit
1182 2341 1185 2348 ’

120 2429 248 2517 perditi
275 2430 385 2513 operis
412 2429 632 2509 instauratio,
675 2439 708 2494 et
729 2452 827 2514 quam
847 2430 947 2494 facile
968 2451 1007 2493 eo
1029 2429 1157 2494 defera-

121 2564 208 2623 mur,
229 2551 278 2621 Ul,
299 2560 384 2624 ψιᾶθ
404 2541 576 2623 Ρθῐῑῑθΐῑΰῐ
595 2540 688 2619 fieri,
711 2559 827 2608 revera
846 2543 935 2608 facta
956 2560 1023 2604 esse
1045 2543 1158 2603 existi-

122 2673 259 2744 memus.
287 2681 329 2696 -
388 2649 476 2730 Quin
498 2649 534 2708 in
555 2647 632 2708 aliis
653 2651 847 2732 fragmentis
868 2651 1054 2731 perspicere
1076 2651 1161 2712 mihi

123 2766 243 2840 videor
264 2769 433 2826 caemento
450 2757 555 2841 quasi,
578 2755 697 2837 quibus
718 2758 925 2842 singulorum
946 2759 1161 2842 philosopho-

124 2897 199 2941 rum
217 2874 339 2956 placita
353 2865 642 2952 conglutinaverit.
686 2864 857 2925 Nonnulla
874 2865 961 2928 enim
978 2868 1162 2955 fragmenta

127 2986 295 3066 incipiunt
310 2999 331 3051 a
343 2974 591 3059 comparatione
604 2967 855 3054 praecedentem
873 2973 962 3036 inter
978 2983 1012 3036 et
1025 2995 1161 3059 sequen-

127 3105 196 3170 tem
217 3085 452 3175 philosophum
474 3081 648 3158 instituta,
686 3090 725 3142 ut
744 3084 930 3170 fragmenta
950 3081 1038 3167 apud
1059 3085 1159 3171 Πίος.

128 3205 189 3264 La.
211 3201 236 3262 1.
262 3204 301 3275 1,
323 3199 376 3264 34.
408 3191 466 3255 IX·
488 3197 529 3272 7',
550 3196 603 3262 40.
639 3192 679 3256 ΙΙ.
703 3201 743 3273 8,
765 3197 818 3260 66.
861 3189 951 3254 Sext.
973 3194 1064 3273 Emp.
1087 3191 1160 3258 adv.

129 3311 238 3376 Math.
255 3309 313 3372 IX.
327 3315 378 3378 57.
399 3303 449 3369 ed.
463 3305 590 3368 Fabric.
603 3306 718 3368 Euseb.
734 3305 849 3382 Praep.
873 3321 921 3364 ev.
929 3297 1020 3361 XIV.
1043 3321 1075 3384 p.
1085 3307 1162 3370 761.

130 3421 171 3483 Iu
201 3419 318 3500 quibus
346 3417 544 3501 compositio
572 3415 691 3477 similis
718 3409 948 3475 videturesse
974 3410 1059 3488 ejus,
1101 3431 1165 3494 qua

132 3524 299 3592 Hesiodus
329 3528 365 3587 in
385 3526 482 3589 Eoeis
503 3525 608 3586 transi
707 3524 772 3585 sibi
801 3523 933 3604 paravit
959 3542 978 3583 a
1000 3520 1166 3607 descripta

133 3638 274 3703 heroine
294 3653 361 3695 una
381 3632 424 3694 ad
445 3630 694 3695 describendam
715 3632 824 3694 aliam.

220 3745 259 3808 In
280 3740 424 3807 secundo
446 3750 480 3804 et
500 3744 601 3804 tertio
623 3744 777 3806 sillorum
800 3740 888 3805 libro
910 3741 1034 3804 Timon
1062 3739 1174 3802 dieto«

135 3844 210 3948 pica
229 3854 391 3922 sermonis
412 3855 520 3917 torma
540 3853 639 3918 facile
667 3831 846 3940 prohibere
868 3853 1000 3935 potuit,
1042 3852 1169 3932 quomi-
