2736 4610
1031 229 1125 374 ,⁸547

11 547 12 564 .
94 516 168 581 ad·
148 497 281 598 ¹metris
276 487 444 570 Athenaei
466 490 716 566 auotoritetem,
737 503 823 550 num
844 493 934 551 reete
953 485 995 548 hb
1016 493 1056 549 to
1076 489 1125 548 in»

96 637 188 688 otum
209 622 271 695 sit,
298 614 362 696 ipsi
382 608 544 693 possimus
565 601 722 684 judicare.
787 597 942 660 Primum
951 615 1035 660 voro
1056 607 1126 659 mo-

11 742 13 784 l
98 753 182 810 neo,
223 746 288 789 non
314 739 463 814 magnam
488 733 559 778 esse
579 705 702 773 Suidae
729 707 972 770 auctoritatem
986 707 1029 768 in·
1045 707 1127 784 ejnee

11 841 13 862 '
101 837 193 904 modi
217 837 328 911 rebus,
370 829 491 912 quippe
525 839 621 902 quem
653 816 933 904 negligentissime
963 823 1129 880 versatum

103 969 169 1012 esse
190 949 225 1008 in
246 934 449 1023 excerpendo
470 928 608 1003 Athen,
633 932 686 988 et
706 922 839 986 aliunde
867 931 995 986 constet
1009 924 1053 1004 ¹),
1096 932 1130 986 et

99 1057 259 1142 pluribus
270 1047 427 1132 exemplis
447 1037 723 1104 demonstraverit
752 1036 837 1117 ipse
853 1035 910 1098 ille
931 1031 1037 1099 Stanl.
1060 1034 1081 1096 l.
1105 1034 1128 1095 l.

11 1145 12 1200 3
98 1167 174 1230 Ut
163 1188 199 1231 m
219 1165 410 1227 universum
429 1155 526 1231 loci,.
546 1150 675 1244 quibus
698 1145 815 1208 Athen.
839 1143 890 1207 de
901 1141 1044 1227 Sopatro
1067 1139 1132 1204 dis.

11 1349 12 1372 ,
97 1285 210 1362 putet,
251 1273 417 1334 nunaunt
438 1259 614 1344 ejusmodi,
655 1263 694 1317 ut
714 1256 930 1337 nonpossint
950 1253 1071 1316 referri
1093 1250 1135 1314 ad

97 1405 201 1450 unum
232 1387 364 1466 poetam
376 1397 388 1434 r.
428 1375 476 1434 ita
500 1379 577 1432 sunt
604 1364 779 1440 nonnulli,
819 1364 877 1442 qui
900 1381 1007 1438 «unum
1034 1363 1136 1426 fuisse

99 1495 285 1560 certissime
305 1483 540 1546 demonstrent.
604 1472 657 1540 Ad
679 1473 740 1534 hos
768 1470 874 1556 igitur
900 1470 1065 1551 imprimis
1087 1479 1136 1532 at.

98 1596 311 1690 tendendum.
361 1593 480 1658 Athen
502 1587 595 1652 XIV.
617 1579 788 1669 p.649.·d
812 1575 926 1640 drama
947 1572 1076 1644 πύλαι
1076 1579 1153 1664 τοὶ.ι

99 1715 218 1778 buitur
237 1707 287 1787 τῷ
309 1693 562 1784 φΜακογράφφ
582 1688 781 1775 Σωπάτρῳ;
824 1694 860 1750 at
879 1683 937 1750 IV.
929 1707 991 1772 ..p
1010 1689 1083 1755 175
1101 1685 1138 1748 Β

101 1819 218 1886 eadem
253 1814 365 1876 fabula
393 1808 520 1872 dicitur
546 1825 624 1868 esse
652 1797 836 1884 Σωπάτρου
872 1801 937 1858 τοῦ
967 1797 1140 1878 παρῳδοο
1235 1795 1242 1806 '

102 1931 212 2008 Quam
252 1939 327 1980 eum
363 1913 456 1975 Suid.
491 1912 619 1972 tribuat
645 1907 806 1990 Sopatro,
849 1910 985 1982 comino¹
1013 1917 1141 1988 poetae,

104 2036 197 2094 hunc
229 2041 296 2084 non
333 2023 436 2085 alium
470 2036 539 2078 esse
574 2016 794 2098 intelligitur,
836 2021 933 2092 atque
968 2012 1140 2092 parodurn.

106 2138 249 2218 Prorsus
270 2127 384 2192 eodem
405 2121 506 2186 modo
526 2122 643 2182 Athen.
665 2115 903 2196 v1.p.230.c.
925 2117 1037 2206 tabula
1052 2123 1144 2196 φακῆ

105 2247 255 2310 refertur
274 2235 317 2300 ad
337 2231 514 2320 parodum,
537 2237 571 2290 et
588 2224 662 2290 XV.
678 2247 709 2308 p.
721 2229 796 2292 702.
806 2223 842 2284 B.
866 2224 909 2287 ad
931 2225 1144 2312 φλυακογρά.

108 2361 184 2437 qtae.
228 2348 278 2411 dt
299 2345 424 2427 etipsa
445 2341 525 2402 haec
546 2336 657 2398 fabula
679 2331 765 2417 apud
788 2329 879 2400 Suid.
901 2335 1063 2398 tribuitur
1083 2337 1145 2400 So·

109 2471 207 2550 patro
235 2456 372 2520 comico.
435 2447 624 2514 Nonnullos
646 2446 743 2517 :alios
773 2446 865 2515 locos
894 2445 982 2509 idem
1012 2444 1146 2512 demon·
1221 2461 1224 2476 ·

110 2579 253 2641 strantes
275 2565 404 2628 omitto.
460 2559 511 2623 Ita
533 2557 620 2622 effici
633 2555 806 2634 arbitror,
821 2565 891 2638 ut,
920 2558 1014 2621 nulla
1035 2565 1147 2624 aucto·
1225 2569 1227 2574 ’

110 2687 213 2750 ritate
234 2671 356 2738 Suidae
380 2669 524 2743 tributa,
566 2673 716 2747 putemus
737 2645 838 2727 fuisse
868 2687 994 2754 unum
1028 2665 1148 2754 Sopa.

111 2809 244 2868 trum,
291 2781 366 2866 qui
393 2785 437 2840 et
456 2769 662 2856 parodias'
695 2781 736 2834 et
764 2771 961 2852 φλύακας
989 2797 1146 2860 compo·
1214 2814 1216 2820 ·

113 2902 268 2975 suerit,
297 2905 495 2977 quemque
523 2875 674 2954 Suidas
701 2880 1054 2948 vocetrcomic'um
1083 2908 1149 2968 po-

115 3007 277 3088 etamt).
338 3001 490 3078 'Namque
510 2986 689 3058 ridendum
711 3001 781 3070 est,
823 3011 883 3071 an,
918 3013 999 3078 quae
1021 2995 1148 3059 fabulas

114 3121 236 3186 Athen.
268 3123 304 3178 et
332 3105 425 3172 Suid.
458 3101 607 3166 tribuant
633 3096 795 3188 Sopatro,
838 3118 896 3164 eae
928 3123 996 3166 non
1023 3107 1149 3168 fuerint

115 3227 262 3314 φλύακες
282 3222 409 3306 potius,
443 3233 540 3298 quam
560 3231 658 3304 verae
680 3212 883 3290 comoediae,
915 3214 1022 3276 itaut
1044 3215 1150 3276 omni·

11 3329 12 3400 ἲ
118 3363 162 3407 no
189 3339 334 3402 comicus
365 3334 463 3412 poeta
491 3343 563 3412 non
585 3315 802 3400 nominandus
830 3322 875 3381 sit
895 3319 1044 3402 Sopater.
1111 3323 1150 3386 In

11 3467 12 3472 ’
119 3469 216 3534 quam
240 3464 313 3508 rem
337 3459 422 3524 ¹oum
449 3436 514 3510 huo
541 3453 610 3496 non
636 3433 801 3514 pertineat
836 3430 935 3490 altius
963 3432 1148 3514 inquirere:

11 3975 13 4068 l

118 3555 199 3622 satis
228 3553 331 3615 habeo
360 3547 543 3620 monuisse,
586 3535 673 3621 apud
700 3536 818 3600 Athen.
842 3557 952 3642 neque
973 3537 1151 3623 Sopatrum
1233 3587 1239 3602 .

115 3664 450 3692 Μ...-

154 3725 180 3786 1)
205 3721 249 3775 cf.
268 3731 355 3788 supra
372 3714 407 3766 de
424 3704 645 3792 Hippy'eet'de
660 3667 838 3788 'Hegemone
858 3777 861 3784 .
888 3777 892 3788 ι
913 3779 916 3786 ,

154 3843 184 3908 2)
199 3832 355 3906 nequent
373 3828 535 3886 mirandum.
578 3825 724 3892 Hegemon
743 3824 883 3890 Thasius,
909 3824 1032 3895 paredus
1052 3820 1152 3876 cleris-

205 3933 311 3999 simus,
330 3936 359 3982 et
377 3925 441 3996 ipse
459 3920 775 4011 soripeitnomoediem.
812 3919 864 3974 Gir
877 3934 963 3990 sopra
980 3919 1062 3987 aar.
