2736 4610
1084 237 1137 325 at

104 442 191 524 Quae
217 461 295 505 cum
323 446 521 520 recitaretur
548 445 585 506 in
607 442 767 522 theatro,
810 442 859 504 ite
880 440 1034 526 delectati
1053 452 1138 518 sunt

102 551 342 634 Athenienses,
382 561 421 617 ut
452 555 634 638 plurimum
666 571 705 614 eo
738 550 792 614 die
823 549 983 616 riderent.
1046 547 1154 638 Inter¹

103 663 202 745 ipsam
224 682 306 728 vero
328 663 589 738 recitationem,
618 679 715 742 quum
739 663 924 742 frequentes
947 662 983 722 in
1004 659 1136 738 theatro

103 768 282 840 assiderent
303 768 472 834 auditores
502 779 536 832 et
555 755 770 832 Athenienses
800 761 833 832 e't
860 771 1046 855 peregrini,
1089 772 1139 844 fa·

105 887 187 941 ctum
209 887 277 958 est,
300 886 339 940 ut
359 881 486 962 primus
509 878 645 941 nuntius
668 879 844 940 afferretur
861 877 901 941 de
919 879 1021 942 classe
1035 878 1137 942 Athe-

103 989 206 1049 niensi
232 1007 293 1070 per
312 985 443 1049 Siculos
472 983 613 1069 perdita
679 984 750 1064 Qua
783 1004 820 1046 re
852 987 1000 1067 quamvis
1030 994 1138 1048 essent

103 1096 241 1173 afflicti,
276 1105 386 1158 tamen
409 1113 475 1155 nou
499 1090 717 1170 discesserunt
739 1112 780 1153 ex
802 1093 952 1171 theatro,
984 1115 1046 1169 ne,
1079 1097 1138 1176 qui

33 1250 36 1279 ,
101 1201 249 1266 adessent
276 1205 380 1280 socii,
424 1198 624 1262 calamitatis
653 1198 881 1284 magnitudine
908 1223 942 1265 se
964 1221 1137 1284 oppressos

32 1306 36 1329 '
102 1332 168 1374 esse
197 1315 360 1384 sentirent
375 1309 411 1390 ι).
476 1305 629 1368 Attamen
660 1302 936 1388 Gigantomachia
966 1308 1139 1374 comoedia

29 1436 31 1498 j
100 1439 165 1483 uon
186 1419 261 1482 tuit.
305 1418 425 1482 Athen.
449 1416 538 1476 euim
559 1411 633 1474 XV.
656 1411 824 1496 poeoh.
841 1413 1138 1500 Gigantomachiae

99 1531 281 1612 ceterisque
308 1524 457 1612 parodiis
485 1523 625 1607 opponit
645 1521 779 1586 disertis
800 1525 909 1588 verbis
931 1525 1139 1612 comoediam

100 1636 283 1712 abeodem
312 1638 504 1726 Hegemone
533 1637 765 1720 conscriptam.
831 1640 945 1724 Itaque
967 1661 1017 1702 ue
1047 1641 1138 1720 istud

100 1747 233 1831 quidem
253 1751 495 1834 fragmentum,
526 1745 567 1809 de
588 1767 653 1831 quo
675 1767 776 1830 supra
797 1746 988 1833 disputavi,
1020 1751 1062 1832 ad
1083 1773 1139 1818 co.

23 1889 25 1938 .'
98 1854 264 1920 moediasu
286 1859 458 1939 pertinuit.
501 1855 630 1921 Deinde
652 1877 727 1920 cum
748 1857 866 1922 Athen.
889 1861 948 1924 IX.
970 1869 1086 1947 p...407
1099 1863 1141 1927 B.

21 1977 22 1983 ’
100 1949 231 2028 dicatur
251 1964 442 2050 Hegemon,
475 1961 589 2025 audito
612 1962 718 2026 cladis
739 1963 871 2028 Siculae
895 1972 1034 2050 nuntio,
1060 1991 1137 2030 σιω-

18 2007 23 2160 i
101 2075 169 2132 πᾶν
190 2071 414 2154 διεγνωκέναι.
457 2074 563 2156 magis
593 2073 657 2132 hoc
686 2073 814 2134 cadit'
803 2094 839 2132 ιιι
860 2094 993 2136 carmen
1020 2086 1138 2158 poetae

23 2178 35 2235 t
98 2182 164 2266 ipsi
185 2185 373 2284 recitatum,
395 2200 493 2264 quam
512 2182 549 2242 in
565 2180 709 2243 fabulam
728 2181 769 2242 ah
785 2181 1003 2245 histrionibus
1018 2177 1135 2253 actam.
1169 2163 1172 2170 ’

98 2293 191 2374 Quae
219 2293 308 2354 inter
330 2310 431 2376 opera
451 2292 520 2371 ejus
543 2298 616 2352 e'rat
637 2290 784 2352 convivii
812 2271 1038 2374 descriptio,
1035 2260 1137 2356 seito

14 2449 15 2452 ,
96 2400 219 2461 Athen.
241 2400 266 2460 I.
288 2408 361 2483 ph
379 2401 433 2464 Β..
464 2420 501 2465 ea
523 2421 602 2462 num
624 2399 791 2462 Matronis
813 2397 956 2460 carmini
976 2397 1135 2490 parodico

99 2506 291 2566 convivium
313 2504 513 2572 describenti
535 2510 694 2572 similiter
714 2511 816 2578 fuerit
838 2507 1040 2594 composita,
1081 2509 1137 2574 de-

67 2615 69 2622 ‘
98 2611 201 2675 finire
222 2630 289 2672 non
310 2611 425 2675 audeo.
477 2617 615 2710 Praeter¹
632 2617 787 2714 parodias
808 2618 982 2706 Hegemon
1004 2617 1137 2704 compo·

98 2723 169 2786 suit
191 2721 292 2784 etiam
313 2719 519 2782 comoediam
539 2724 709 2787 Philiuues
732 2728 865 2786 nomine
889 2730 1083 2812 inscriptam
1098 2712 1152 2811 ²),

99 2837 192 2915 cujus
229 2837 451 2922 fragmentum
487 2839 538 2894 est
573 2829 660 2912 apud
689 2830 813 2892 Athen.
846 2830 904 2892 III.
941 2852 972 2915 p.
997 2842 1069 2900 108.
1099 2837 1134 2898 c.

99 2947 212 3030 Quare
232 2943 354 3007 sacham
377 2951 445 3020 est,
472 2949 511 3003 ut
531 2927 685 3003 nohuulli
705 2959 780 3002 eum
802 2943 924 3004 veteris
945 2943 1136 3018 comoediae
1215 3029 1218 3034 Ι

97 3058 207 3141 poetis
229 3051 499 3129 adnumeratum,
526 3049 643 3112 Athen.
667 3048 692 3112 I.
715 3056 746 3116 5.
768 3049 806 3132 Β.Ι
858 3083 859 3090 ι

171 3163 320 3242 Maxima
342 3166 428 3225 sama
448 3158 603 3246 parodias
623 3159 690 3240 ejus
712 3160 892 3222 celebratas
913 3181 982 3224 esse
1001 3162 1135 3242 potissi·

98 3297 194 3339 mum
206 3273 363 3352 Athenis,
392 3248 425 3334 et
446 3269 561 3333 dicunt
575 3267 761 3333 Athenaeus
775 3269 804 3348 ³)
826 3261 1081 3352 Eustat'hiusque
1095 3268 1133 3352 ⁴),

133 3490 163 3555 1)
184 3484 287 3540 Athen
308 3483 360 3538 IX.
377 3484 471 3554 p..4⁰7
498 3483 636 3542 Eustath.
664 3500 691 3556 p.
706 3483 783 3547 142⁰,
802 3481 846 3536 36.

133 3585 163 3648 2)
184 3579 230 3635 (is.
248 3577 352 3632 Athen.
369 3577 437 3634 XV.
460 3576 610 3650 patah
636 3585 665 3630 et
689 3574 770 3630 Suid.
788 3589 811 3630 s.
830 3593 856 3632 v.
878 3571 1012 3649 Ηγὴμων
1034 3595 1134 3636 eorre-

185 3683 248 3729 ctus
266 3687 283 3724 ι
300 3671 436 3726 Kirstero.
455 3703 488 3714 -

133 3769 161 3830 3)
181 3767 286 3822 Athen.
307 3764 360 3818 IX.
378 3779 407 3836 p.
416 3766 477 3820 467.
495 3764 531 3818 A.

132 3865 161 3930 4)
183 3861 316 3920 Euststh.
341 3877 371 3936 p.
384 3861 463 3930 1239,
478 3861 523 3919 69.
546 3877 575 3938 p.
592 3859 670 3940 Atho,
686 3859 730 3916 36.
