2736 4610
1027 263 1122 390 *n

85 511 148 594 ipsi
177 503 343 587 Moepdus
372 505 550 592 appellant.
626 506 801 572 Praeterea
840 523 916 570 cum
949 495 1123 575 fraudator

13 627 14 656 ³
83 621 146 682 iste
168 620 214 680 sit
234 615 496 694 Alexandrinus,
531 611 675 698 parodue
696 615 812 677 Pitana
843 613 1023 678 oriundum
1064 617 1122 680 vix

84 747 258 790 commune
272 723 449 808 quidquam
471 720 677 784 intercedere
698 731 808 804 potest
829 725 918 786 inter
933 731 1120 806 utrumque.

85 836 203 918 Itaque
228 837 325 898 misso
356 835 416 896 illo
445 833 487 895 ad
520 829 682 914 paredum
711 841 927 894 revertamur.
995 833 1061 914 Qui
1091 834 1122 896 si

85 943 173 1026 apud
193 944 342 1006 Eustath.
364 965 394 1026 p.
415 946 511 1020 1094,
526 945 570 1007 47
592 945 783 1022 nominatur
805 938 975 1023 Mdoepov
998 941 1015 1001 ὁ
1038 963 1121 1026 παρ-

85 1049 187 1133 ῳδόςε
214 1053 250 1115 id
271 1053 512 1140 typographico
533 1053 642 1114 errori
663 1053 785 1115 tribuo.
829 1051 904 1138 Jarn
925 1073 991 1114 non
1009 1052 1121 1134 video,

84 1183 149 1246 qua
170 1165 368 1226 auctoritate
389 1163 479 1223 nisus
502 1159 626 1223 Moser.
648 1161 672 1220 1.-
694 1162 717 1224 l.
746 1181 777 1244 p.
800 1151 876 1231 293.
907 1171 941 1227 et
969 1163 1046 1246 aliis
1071 1163 1122 1225 lo-

84 1275 133 1335 cis
154 1274 326 1356 scripserit
345 1270 557 1351 Macronem,
578 1273 776 1354 praesertim
797 1289 873 1333 cum
894 1277 1010 1356 pm.
1032 1270 1148 1336 idem

83 1378 224 1443 eundem
250 1387 385 1464 ,poetam
405 1380 628 1444 nominaverit
648 1377 847 1440 Matrouem.
913 1380 1027 1444 Posses
1049 1383 1122 1464 qui-

83 1488 160 1552 dem
176 1491 352 1569 conjicere,
365 1507 550 1572 operarum
570 1495 706 1572 peccato
728 1493 840 1548 natum
860 1505 934 1550 esse¹
950 1485 1041 1548 istud
1061 1508 1122 1550 uo·

82 1621 177 1676 meu,
222 1611 294 1661 cu'm
324 1599 395 1682 ipse
424 1596 548 1661 Moser.
570 1598 608 1660 in
628 1597 744 1684 Progr.
766 1593 871 1657 schol.
893 1589 981 1657 Ulm.
1003 1612 1122 1678 parum

82 1707 258 1792 emendate
288 1725 476 1790 expressum
509 1727 579 1770 esso
614 1709 714 1769 istum
746 1705 870 1768 librum
901 1717 1120 1790 quemretura

12 1805 14 1926 L
81 1815 141 1882 scd
162 1837 229 1880 non
251 1837 321 1879 esse
341 1815 419 1878 inde
440 1816 564 1894 elucet,
587 1814 676 1899 qnod
691 1837 729 1899 p.
744 1821 820 1886 293.
843 1815 1026 1900 sophistam
1047 1816 1123 1879 Ma-

81 1939 220 1989 cronem
240 1920 382 1984 eundem
403 1939 471 1987 esse
492 1923 655 2006 parodum
676 1924 865 2001 conjeceris
888 1957 931 1972 -
984 1923 1123 1988 Accedit

83 2027 187 2093 etiam
207 2026 329 2090 Suidae
350 2033 539 2092 auctoritas.
585 2030 651 2108 Qui
672 2049 869 2110 quamquam
890 2051 916 2090 s.
930 2051 961 2092 r.
978 2029 1122 2112 Μάτρω-

82 2155 141 2206 voc
169 2134 256 2196 nihil
285 2135 425 2216 emplius
447 2132 569 2212 addat,
613 2136 679 2194 nisi
705 2129 812 2214 ὄνομα
838 2133 970 2214 enipeum
1011 2143 1122 2200 tamen

84 2243 301 2319 demonstrat,
321 2261 401 2304 vera
421 2242 521 2304 inisse
543 2239 607 2303 hoc
621 2260 740 2304 nomen
758 2239 845 2324 apud
865 2245 1027 2326 antiquos.
1071 2243 1123 2308 Ita

11 2361 12 2372 ¹
83 2373 104 2414 a
131 2371 211 2416 vero
243 2351 399 2414 aberrare
429 2349 515 2412 mihi
545 2367 612 2411 non
641 2347 784 2430 videor,
826 2353 856 2412 si
886 2349 1122 2416 Matrouem

83 2457 324 2525 nominandum
345 2480 415 2524 esse
435 2455 597 2542 parodum
618 2457 793 2523 contendo.

544 2628 582 2730 g.
614 2625 655 2700 2.

216 2781 271 2838 DE
290 2777 499 2864 TEMPORE,
530 2778 609 2836 QUO
627 2779 797 2848 VIXERIT
814 2779 991 2836 MATRON.

171 2904 237 2986 Qui
264 2903 434 2990 hucusque
461 2895 627 2961 Matronis
656 2897 775 2978 paredi
804 2871 1005 2978 nientionam
1033 2901 1121 2963 fece·
1161 2875 1169 2886 Χ

84 3021 186 3090 runt,
228 3013 255 3072 ii
277 3030 389 3073 omnes
411 3010 561 3096 ignotum
582 3027 651 3072 esse
670 3005 846 3085 dixerunt,
883 3026 948 3090 qno
971 3015 1121 3092 tempore

83 3123 231 3188 vixisset.
291 3119 417 3200 Quibus
439 3113 562 3178 Moser.
585 3115 607 3176 l.
631 3115 653 3177 l.
679 3121 799 3198 pesa.
819 3116 1044 3204 coniecturam
1062 3114 1121 3178 ad.

85 3235 161 3314 dit,
187 3233 368 3316 sophistam
389 3215 600 3306 Macronem,
622 3244 725 3310 -quem
746 3224 864 3288 Athen.
881 3224 970 3288 v111.
993 3246 1025 3309 p.
1044 3231 1117 3292 342.

85 3342 128 3405 D.
155 3341 375 3423 Antiphonem
402 3333 640 3419 Annx'ilamque
667 3345 784 3419 poetas
817 3342 947 3398 secunus
978 3336 1120 3398 maxime

86 3446 392 3529 sooosyovsuissc
414 3435 544 3527 neerei,
572 3443 710 3510 eundem
733 3463 803 3508 esse
822 3440 1002 3526 paredum,
1024 3444 1119 3527 quip-

85 3581 128 3645 pe
149 3577 247 3642 quem
275 3564 308 3640 ci
335 3560 441 3640 ipsum
471 3559 612 3641 piscium
635 3550 912 3618 comedendornrn
934 3571 1010 3617 esse·
1029 3555 1119 3637 peri·

86 3671 250 3734 tissimum
272 3663 390 3728 doceat
408 3687 526 3751 poema
546 3665 586 3728 ab
608 3664 725 3730 Athen.
745 3667 923 3726 servatum.
987 3661 1032 3724 At
1052 3664 1119 3726 isto

85 3778 204 3843 Athen.
226 3777 300 3839 loco
323 3794 397 3837 cum
418 3771 572 3838 Diodori.
595 3791 636 3836 ex
656 3771 850 3834 melioribus
872 3767 1041 3833 codicibus
1063 3771 1118 3832 de-

86 3886 177 3956 derit
202 3882 350 3947 Mdnove
394 3881 478 3944 hanc
508 3881 731 3960 conjecturam
757 3901 824 3944 nou
851 3888 940 3943 stare
969 3857 1134 3963 apparot.¹

870 4030 892 4092 3
1006 4125 1010 4133 ,
