2736 4610
1101 267 1163 348 ,45

128 464 208 529 inde
239 484 259 528 a
292 485 322 530 ι.
346 469 377 534 d
408 467 559 550 sequitur
596 465 759 544 Βοοοιοιιο
794 468 931 552 poeseos
968 466 1190 554 descriptio.

128 577 231 659 Quam
264 585 302 638 ut
323 574 478 660 parodica
500 578 654 642 retulisse
675 577 859 644 Homerum
880 577 969 662 (παρ’
988 578 1182 663 Ὁμηρείην

128 695 187 750 etc.
211 683 308 767 παρά
329 707 395 750 vox
413 688 551 770 propria
573 695 622 748 cst
644 684 767 750 dehac
788 687 839 768 re)
860 689 1080 777 significavit,
1112 691 1160 753 ita

92 827 106 838 ·
128 796 267 860 circum*
280 817 435 880 quasnam
464 796 672 880 potissimum
700 816 753 857 res
779 794 907 860 versata
933 807 1038 876 esset,
1080 817 1160 859 enu.

126 908 266 970 meravit
288 903 483 970 Alexander.
546 902 652 986 Atque
674 925 730 969 eae
753 905 943 986 (cerdones,
985 909 1074 980 fures
1096 910 1158 970 im·
1194 898 1201 906 “

124 1009 282 1099 pudentes
310 1017 363 1079 vel
391 1016 420 1078 si
445 1014 519 1097 quis
540 1013 714 1094 castratus)
746 1015 786 1076 ab
807 1014 996 1080 Homericis
1025 991 1172 1079 alienis-¹
1220 1017 1222 1023 '

123 1125 242 1204 simae,
284 1124 474 1187 Homericis
482 1195 486 1200 p
497 1120 646 1184 versibus
676 1120 861 1208 descriptae
881 1107 1044 1208 movendo
1073 1125 1158 1188 risui
1264 1209 1266 1216 Ι

123 1255 221 1318 quam
243 1237 431 1316 aptissimae
453 1237 557 1294 eraut
621 1227 771 1310 Denique
790 1253 873 1314 qnae
894 1236 930 1295 in
951 1235 1016 1298 fine
1029 1235 1157 1296 carmi.

121 1346 173 1406 nis
206 1345 395 1406 instituitur
425 1341 629 1428 comparatio
664 1338 824 1400 Boeotum
857 1343 960 1405 inter'
974 1345 1158 1408 Euboeum·
1228 1409 1234 1426 Ι

121 1478 204 1540 que:
232 1475 284 1544 ¹ea
314 1456 385 1516 utri
405 1455 629 1536 principatum
660 1441 844 1529 tribueret,
880 1448 1067 1514 dubitatum
1095 1464 1156 1526 est,
1217 1450 1219 1458 ’

119 1566 308 1653 Schweigh.
332 1567 420 1629 enim
448 1565 495 1627 ita
524 1547 780 1648 interpretatur:
825 1562 1029 1644 »quicunque
1050 1561 1156 1626 Boe‘o·

117 1686 188 1740 tum
211 1675 394 1755 audiverit,
417 1676 449 1739 ei
470 1672 559 1736 haud
580 1693 697 1756 parurn
718 1671 800 1750 (imo
818 1673 923 1734 multo
945 1671 1063 1758 magis)
1085 1671 1156 1755 pla-

116 1775 271 1850 citurum¹
286 1807 355 1849 esse
375 1785 572 1846 Euboeam«
640 1780 763 1844 Contra
791 1800 865 1846 eum
887 1801 970 1865 quae
988 1780 1151 1866 capellis.

116 1879 280 1978 protulit,
300 1887 378 1953 sunt
397 1911 435 1954 ea
458 1889 591 1977 quidem
611 1899 700 1952 recte
722 1889 905 1972 disputata,
932 1889 989 1955 sed
1010 1913 1082 1955 rem
1103 1901 1153 1956 ta-

9 1993 11 2024 '
118 2021 195 2063 men
224 2019 291 2060 non
326 1999 507 2061 absolvunt.
571 1989 661 2059 Mihi
697 1999 830 2081 quidem
863 2002 1006 2062 maxime
1035 2012 1154 2064 contra

117 2107 307 2194 Schweigh.
337 2111 447 2170 iacere
475 2103 634 2168 videntur
662 2108 840 2168 verboru-m
873 2105 942 2168 οὐδ’
970 2105 1086 2186 ὀλίγον
1119 2119 1153 2174 et
1242 2165 1244 2170 .

116 2219 295 2282 collocatio
318 2215 470 2293 (debebat
485 2216 588 2277 enim
609 2233 699 2298 esse:
740 2214 807 2307 cdd'
830 2215 954 2298 Εὐβοίῳ
987 2215 1153 2300 τέρψεται
1193 2195 1198 2202 ¹

115 2327 246 2407 ὀλίγον)
268 2335 301 2392 et
321 2349 407 2406 usus.
443 2352 446 2360 ⁴
471 2328 520 2388 Ex
546 2327 609 2388 hoc
637 2329 726 2390 enim
746 2328 847 2392 verba
867 2349 905 2392 ea
926 2349 993 2390 non
1014 2340 1151 2412 possunt

113 2458 182 2501 non
204 2441 407 2526 significare:
436 2458 477 2501 ne
499 2439 672 2504 minimum
694 2436 836 2524 quidem.
878 2415 1066 2503 Alexander
1086 2441 1151 2528 igi·
1222 2425 1228 2439 ’

112 2558 171 2612 tur
189 2549 289 2637 longe
308 2549 560 2633 praeferendum
582 2547 677 2611 duxit
698 2549 857 2612 Boeotum
871 2549 1014 2612 Euboeo.
1057 2550 1158 2616 Num.

113 2667 222 2736 recte,
244 2677 304 2720 nos
325 2657 458 2740 quidem
480 2659 662 2741 dijudicare
684 2683 750 2736 non
771 2681 958 2745 possumus,
980 2661 1149 2723 cumBoe-

113 2772 163 2833 oti
183 2752 412 2870 parodiarum,
436 2777 593 2853 qnantum
615 2790 676 2856 ego
698 2773 814 2847 sciam,
837 2773 1057 2855 fragmentum
1078 2795 1160 2842 ser·

111 2888 223 2941 vatum
244 2879 289 2939 sit
300 2877 452 2942 nullum.
518 2873 613 2956 Quod
635 2875 790 2957 Capellm.
813 2885 923 2937 autem
945 2875 1052 2955 dixit,
1081 2879 1146 2939 En-

111 2988 212 3063 boeo,
240 2987 277 3050 si
298 2987 338 3047 ab
359 3005 427 3046 uno
448 2984 573 3046 Boeoto
594 2993 821 3068 superaretur,
853 2994 887 3048 et
908 2986 972 3068 ipsi
993 3007 1145 3073 magnam

110 3094 242 3172 laudem
263 3095 388 3156 tribui:
417 3091 453 3154 id
474 3095 554 3176 ipsis
576 3095 645 3157 illis
664 3098 773 3160 verbis
795 3095 863 3157 οὐδ’
883 3095 998 3177 ὀλίγον
1018 3103 1144 3163 reselli-

64 3235 69 3249 «
109 3215 174 3270 tur.
236 3203 322 3276 Nam
344 3204 372 3265 si
394 3211 520 3265 tantum
544 3205 753 3269 intervallum
776 3217 825 3270 est
840 3211 935 3271 ¹inter
955 3208 1141 3292 utrumque,

109 3324 147 3378 ut
167 3313 281 3378 audito
300 3334 367 3376 uno
388 3314 474 3375 alter
495 3335 535 3377 ne
557 3318 731 3379 minimum
753 3315 885 3400 quidem
906 3319 1052 3398 placcat,
1074 3339 1142 3380 non
1197 3390 1202 3404 s
1284 3386 1291 3406 l

108 3434 217 3510 potest
237 3407 415 3487 secundum
435 3431 618 3507 praemium
645 3430 693 3489 ita
714 3428 855 3489 relatum
882 3445 1019 3516 magnae
1047 3425 1150 3490 laudi*

108 3553 186 3598 esse.

439 3728 820 3746 mum-u·-
