2736 4610
997 427 1004 442 .
1070 331 1128 456 ³?

91 525 176 592 406:
198 524 369 608 aptissime
382 519 531 608 quadrat
550 522 616 588 hoc
636 543 710 588 cum
732 526 792 605 iis,
815 543 897 610 quae
919 523 960 596 dc
980 535 1130 612 tempore

90 631 261 694 Matronis
282 633 356 694 erui
377 652 417 695 ex
440 640 623 696 memorato
644 632 787 698 Euboeo.
852 633 927 698 Jam
946 656 1028 700 vero
1049 659 1129 702 eun·

91 739 168 804 dem
191 739 475 823 Chaerephontem
503 741 686 820 parasitum
713 743 749 802 in
772 741 850 806 odio
873 744 1060 810 hahuerunt
1080 755 1129 810 eo

90 850 160 910 iam
190 870 294 914 novae
317 847 507 912 comoediae
535 859 672 932 poetae,
706 855 746 914 ci.
769 853 887 917 Athen.
911 853 968 916 VI.
998 875 1029 937 p.
1051 858 1128 922 243.

90 960 276 1024 Menander
297 970 405 1024 autem
428 979 502 1022 cum
530 962 684 1024 floruerit
705 962 794 1024 circa
816 967 881 1028 325
903 982 933 1024 a.
957 960 1035 1025 Chr.
1070 963 1127 1040 (cf.

90 1071 217 1131 Fabric.
249 1069 296 1158 Il.
324 1091 355 1151 p.
378 1064 489 1143 doh),
531 1075 565 1130 et
585 1067 701 1134 eodem
722 1070 793 1130 lere
809 1077 963 1153 tempore
984 1071 1127 1152 reliqui:

90 1178 200 1241 denuo
216 1177 258 1240 ad
277 1176 415 1242 eandem
430 1183 571 1238 aetatem
585 1173 776 1239 deferimur.
822 1179 1025 1262 Quamquam
1040 1173 1129 1242 enim

90 1307 196 1350 novae
217 1284 409 1352 comoediae
433 1282 496 1344 hoc
518 1283 626 1365 ipsum
648 1291 753 1361 esset,
794 1294 834 1346 ut
860 1286 1026 1365 homines,
1070 1289 1129 1370 qui

89 1398 256 1476 viverent,
279 1400 558 1478 personatoainon
576 1379 752 1472 irrideret't
774 1401 884 1454 tamen
897 1392 1127 1480 Chaerephon‚

91 1527 166 1568 cum
193 1507 231 1566 in
257 1504 330 1564 istis
358 1500 479 1564 sabulis
505 1521 573 1563 non
602 1499 673 1582 ipse
699 1501 807 1587 egerit
832 1518 1028 1582 personam,
1072 1502 1129 1566 sed

92 1613 203 1677 obiter
222 1598 351 1682 tantum
372 1610 416 1670 sit
437 1615 729 1687 commemoratus,
754 1609 838 1691 ‘quin
860 1609 1006 1690 aequalia
1027 1605 1131 1674 fuerit

91 1721 234 1783 istorum
254 1726 443 1804 poetarum,
475 1717 525 1778 nil
546 1714 703 1800 impedit,
738 1718 867 1802 opinor.
930 1715 934 1745 ¹

177 1826 316 1892 Accedit
337 1828 404 1887 alia
430 1845 502 1903 res,
544 1845 629 1907 quae
651 1827 800 1907 quamvis
826 1805 893 1888 non
917 1845 956 1889 ea
981 1827 1045 1908 sit,
1090 1848 1131 1891 ex

7 1937 8 1992 l
91 1951 157 2020 qua
178 1945 305 2000 certum
326 1941 554 2020 argumentum
578 1939 690 2015 petere
711 1932 828 2010 liceat,
872 1943 904 1996 et
926 1937 999 2016 ipsa
1020 1945 1130 2001 tamen
1237 1979 1239 1983 -

92 2044 245 2104 conferre
275 2037 410 2104 videtur
442 2035 483 2098 ad
515 2036 735 2099 definiendam
768 2039 936 2102 Matronis
978 2053 1152 2108 aetatem.'

7 2145 8 2198 l
93 2149 134 2210 In
154 2146 321 2208 Matronis
350 2144 518 2224 carmine,
562 2139 651 2226 quod
679 2152 730 2204 eet
756 2144 844 2228 apud
871 2147 988 2210 Athen.
1012 2150 1070 2212 IV.
1097 2157 1129 2236 p.

7 2291 9 2300 κ
83 2255 169 2328 ὶ134.
191 2278 223 2322 v.
237 2264 281 2326 30
299 2262 331 2318 et
350 2259 422 2322 122.
441 2257 646 2314 memoratur
663 2247 845 2316 Stratocles
864 2256 1015 2339 quidam,
1037 2263 1129 2342 prio-

93 2389 132 2432 re
159 2367 234 2442 loco
263 2373 394 2430 certans
422 2381 497 2423 cum
529 2361 601 2442 ipso
630 2358 787 2424 Matrona
816 2361 857 2426 de
884 2366 981 2427 mulli
1010 2371 1130 2451 capite,

93 2475 258 2540 adducens
280 2472 507 2538 meretriculas
529 2471 644 2532 altero.
709 2469 901 2535 Matronem
929 2474 1130 2561 igitur'cum

93 2589 185 2650 circa
205 2583 362 2665 Philippi
393 2586 428 2640 et
442 2573 634 2639 ·Alaxandri
665 2586 816 2672 tempora
846 2583 969 2646 vixisse
996 2566 1131 2648 demon.

93 2696 269 2762 straverint
291 2713 331 2754 ex
351 2690 541 2768 memoratis¹
558 2687 692 2752 Euboeo
715 2698 748 2752 et
763 2689 1033 2774 ‚Chaerephontm
1063 2717 1130 2758 non

93 2804 237 2873 absurda
257 2800 392 2866 videtur
413 2819 482 2862 esse
502 2802 711 2880 conjectura,
744 2798 942 2864 Stratoclem
964 2823 1033 2866 esse
1056 2825 1130 2868 eum

94 2926 262 2982 oratorem
282 2920 318 2975 et
338 2910 533 2992 sophistam,
555 2931 652 2994 quem
672 2911 828 2994 Lycurgo
850 2907 1131 2993 Demostheuique

92 3026 263 3110 aequalem
291 3021 437 3103 turpiter
462 3015 632 3080 adulatum
659 3037 728 3080 esee
748 3016 916 3104 Antigono
944 3026 1043 3101 atque
1065 3021 1130 3084 De-

92 3136 213 3200 metrio
241 3127 353 3192 tradat
381 3125 548 3186 Plutarch.
577 3124 723 3192 Demetr.
749 3132 799 3196 11.
817 3126 854 3204 ¹).
916 3125 995 3188 Non
1022 3138 1144 3212 potest.

92 3247 148 3312 vir
179 3262 200 3304 a
228 3239 384 3302 Matrona
414 3233 618 3320 significatus
651 3237 723 3320 ipso
756 3236 894 3298 nomine
920 3234 1009 3319 apud
1040 3240 1131 3326 civeq

93 3360 227 3442 ignotus
248 3350 358 3411 fuisse.
412 3342 479 3407 Sed
501 3342 629 3406 accedit
649 3347 749 3407 etiam
770 3342 872 3406 aliud.
926 3344 975 3404 Ex
996 3341 1134 3410 Ruhuk..

94 3460 318 3545 disputatione
340 3462 493 3538 apparet,
515 3451 714 3526 Stratoclem
734 3451 786 3513 rei
803 3452 972 3514 Venereae
993 3470 1130 3540 magno·

94 3590 174 3660 pere
201 3562 349 3628 deditum
379 3566 496 3642 fuisse,
539 3582 613 3640 cum
646 3583 796 3626 amorum
827 3564 895 3641 ejus
921 3569 1020 3626 testeo
1047 3566 1128 3628 eatis

95 3679 194 3746 multi
216 3674 256 3737 ab
280 3692 318 3734 eo
340 3675 528 3734 afferantur.
578 3672 686 3754 Atque
708 3673 808 3734 etiam
829 3669 916 3752 apud
937 3667 1128 3758 Matronem

93 3786 435 3818 ...ψ-μ·-

129 3852 158 3917 1)
180 3850 225 3905 cf.
243 3847 394 3903 Ruhnken.
413 3848 490 3905 nist.
508 3844 574 3904 crit.
594 3849 646 3904 Or.
666 3847 717 3903 Gr.
744 3863 772 3918 p.
790 3848 851 3902 347.
882 3843 925 3898 ed.
946 3843 1127 3900 Friedentan.

109 4019 112 4028 .
179 3946 221 4016 (p.
238 3944 283 4000 32.
301 3942 336 3996 ad
354 3942 445 4000 Rutil.
463 3941 551 4014 Lup.)
612 3965 614 3974 =

890 4035 931 4099 3*
